%%%%%%%%%%%%%%%%%%%%%%%%%%%%%%%%%%%%%%%%
%%%% NEW REFERENCES ADDED BY STUART %%%%
%%%%%%%%%%%%%%%%%%%%%%%%%%%%%%%%%%%%%%%%

@article{Nakagawa:2002,
  author   = {Nakagawa, N and Gretarsson, A. M. and Gustafson, E. K. and Fejer, M. M. F},
  format   = {print},
  journal  = {Phys. Rev. D},
  pages    = {102001},
  title    = {Thermal noise in half-infinite mirrors with nonuniform loss: A slab of excess loss in a half-infinite mirror},
  volume   = {22},
  year     = {2002}
}

@article{Harry:2002,
  author   = {Harry, G. and Gretarsson, A. M. and Saulson, P. R. and Kittelberger S. E. and Penn, S. D. and Startin, W. J. and Rowan, S and Fejer, M. M. F and Crooks, D. R. M. and Cagnoli, G. and Hough, J and Nakagawa, N.},
  format   = {print},
  journal  = {Class. Quant. Grav.},
  pages    = {897-917},
  title    = {Thermal noise in interferometric gravitational wave detectors due to dielectric optical coatings},
  volume   = {65},
  year     = {2002}
}

@article{Crooks:2002,
  author   = {Crooks, D. R. M. and Sneddon, P. and Cagnoli, G. and Hough, J. and Rowan, S. and Fejer M. M. and Gustafson, E. and Route, R. and Nakagawa, N. and Coyne, D. and Harry, G. M. and Gretarsson, A. M.
  format   = {print},
  journal  = {Class. Quant. Grav.},
  pages    = {883-896},
  title    = {Excess mechanical loss associated with dielectric mirror coatings on test masses in interferometric gravitational wave detectors},
  volume   = {19},
  year     = {2002}
}



%%%%%%%%%%%%%%%%%%%%%%%%%%%%%%%%%%%%%%%%%%%%%%%
%%%% OLD REFERENCES WITH UPDATES FROM MATT %%%%
%%%%%%%%%%%%%%%%%%%%%%%%%%%%%%%%%%%%%%%%%%%%%%%


@article{Weber1,
  author   = {Weber, J.},
  format   = {print},
  journal  = {Phys. Rev. Lett.},
  keywords = {Gravitational radiation, Gravitational wave detectors},
  pages    = {1320--1324},
  title    = {Evidence for Discovery of Gravitational Radiation},
  volume   = {22},
  year     = {1969}
}

@article{Weber2,
  author   = {Weber, J.},
  format   = {print},
  journal  = {Phys. Rev. Lett.},
  keywords = {Gravitational radiation, Gravitational wave detectors},
  pages    = {180--184},
  title    = {Anisotropy and Polarization in the Gravitational-Radiation Experiments},
  volume   = {25},
  year     = {1970}
}

@article{Tyson,
  author   = {Tyson, J.A. and Giffard, R.P.},
  format   = {print},
  journal  = {Annu. Rev. Astron. Astrophys.},
  keywords = {Gravitational radiation, Gravitational wave detectors},
  pages    = {521--554},
  title    = {Gravitational-Wave Astronomy},
  volume   = {16},
  year     = {1978}
}

@incollection{Douglass,
  address   = {Cambridge, U.K.; New York, U.S.A.},
  author    = {Douglass, D.H. and Braginsky, V.B.},
  booktitle = {General Relativity: An Einstein Centenary Survey},
  editor    = {Hawking, S.W. and Israel, W.},
  format    = {print},
  keywords  = {Gravitational radiation, Gravitational wave detectors},
  pages     = {90--137},
  publisher = {Cambridge University Press},
  title     = {Gravitational-radiation experiments},
  year      = {1979}
}

@inproceedings{Astone,
  address    = {Singapore; River Edge, U.S.A.},
  author     = {Pallottino, G.V.},
  booktitle  = {Second Edoardo Amaldi Conference on Gravitational Waves},
  conference = {Proceedings of the conference, held at CERN, Switzerland, 1--4 July, 1997},
  editor     = {Coccia, E. and Veneziano, G. and Pizzella, G.},
  format     = {print},
  keywords   = {Gravitational radiation, Gravitational wave detectors},
  pages      = {105--114},
  publisher  = {World Scientific},
  series     = {Edoardo Amaldi Foundation Series},
  title      = {The Resonant Mass Detectors of the Rome Group},
  volume     = {4},
  year       = {1998}
}

@inproceedings{Prodi,
  address       = {Singapore; River Edge, U.S.A.},
  author        = {Prodi, G.A. and Conti, L. and Mezzena, R. and Vitale, S. and Taffarello, L. and Zendri, J.P. and Baggio, L. and Cerdonio, M. and Colombo, A. and Crivelli Visconti, V. and Macchietto, R. and Falferi, P. and Bonaldi, M. and Ortolan, A. and Vedovato, G. and Cavallini, E. and Fortini, P.},
  booktitle     = {Second Edoardo Amaldi Conference on Gravitational Waves},
  cited         = {2 December 2004},
  conference    = {Proceedings of the conference, held at CERN, Switzerland, 1--4 July, 1997},
  editor        = {Coccia, E. and Veneziano, G. and Pizzella, G.},
  format        = {print},
  keywords      = {Gravitational radiation, Gravitational wave detectors},
  onlineversion = {http://www.auriga.lnl.infn.it/auriga/papers_src/amaldi97_prodi.ps.gz},
  pages         = {148--158},
  publisher     = {World Scientific},
  series        = {Edoardo Amaldi Foundation Series},
  title         = {Initial Operation of the Gravitational Wave Detector AURIGA},
  volume        = {4},
  year          = {1998}
}

@article{Amaldi,
  author   = {Amaldi, E. and Aguiar, O. and Bassan, M. and Bonifazi, P. and Carelli, P. and Castellano, M.G. and Cavallari, G. and Coccia, E. and Cosmelli, C. and Fairbank, W.M. and Frasca, S. and Foglietti, V. and Habel, R. and Hamilton, W.O. and Henderson, J. and Johnson, W.W. and Lane, K.R. and Mann, A.G. and McAshan, M.S. and Michelson, P.F. and Modena, I. and Palletino, G.V. and Pizzella, G. and Price, J.C. and Rapagnani, R. and Ricci, F. and Solomonson, N. and Stevenson, T.R. and Taber, R.C. and Xu, B.-X.},
  format   = {print},
  journal  = {Astron. Astrophys.},
  keywords = {Gravitational radiation, Gravitational wave detectors},
  pages    = {325--332},
  title    = {First gravity wave coincident experiment between resonant cryogenic detectors: Louisiana-Rome-Stanford},
  volume   = {216},
  year     = {1989}
}

@article{Heng,
  author   = {Heng, I.S. and Blair, D.G. and Ivanov, E.N. and Tobar, M.E.},
  format   = {print},
  journal  = {Phys. Lett. A},
  keywords = {Gravitational radiation, Gravitational wave detectors},
  pages    = {190--196},
  title    = {Long term operation of a niobium resonant bar gravitational wave antenna},
  volume   = {218},
  year     = {1996}
}

@article{Forward,
  author   = {Moss, G.E. and Miller, L.R. and Forward, R.L.},
  format   = {print},
  journal  = {Appl. Optics},
  keywords = {Gravitational radiation, Gravitational wave detectors, Interferometry},
  pages    = {2495},
  title    = {Photon-noise-limited laser transducer for gravitational antenna},
  volume   = {10},
  year     = {1971}
}

@techreport{Weiss,
  address   = {Cambridge, U.S.A.},
  author    = {Weiss, R.},
  format    = {print},
  id        = {105:54--76},
  keywords  = {Gravitational radiation, Gravitational wave detectors, Interferometry},
  publisher = {Research Lab. Electron., MIT},
  series    = {Quart. Progr. Rep.},
  title     = {Electromagnetically Coupled Broadband Gravitational Antenna},
  year      = {1972}
}

@inproceedings{Drever1,
  address      = {New York, U.S.A.},
  author       = {Drever, R.W.P. and Hough, J. and Edelstein, W.A. and Pugh, J.R. and Martin, W.},
  booktitle    = {Experimental Gravitation (Gravitazione Sperimentale)},
  conference   = {Proceedings of the International Meeting, Pavia, 17--20 September 1976},
  editor       = {Bertotti, B.},
  format       = {print},
  keywords     = {Gravitational radiation, Gravitational wave detectors, Interferometry},
  organization = {Accademi Nazionale Dei Lincei},
  pages        = {365--369},
  publisher    = {Academic Press},
  title        = {On Gravitational Radiation Detectors Using Optical Sensing Techniques},
  year         = {1977}
}

@inproceedings{Drever2,
  address    = {Amsterdam, Netherlands; New York, U.S.A.},
  author     = {Drever, R.W.P.},
  booktitle  = {Gravitational Radiation (Rayonnenment Gravitationnel)},
  conference = {NATO Advanced Study Institute, Centre de physique des Houches, 2--21 June 1982},
  editor     = {Deroulle, N. and Piran, T.},
  format     = {print},
  keywords   = {Gravitational radiation, Gravitational wave detectors, Interferometry},
  pages      = {321--338},
  publisher  = {North Holland; Elsevier},
  title      = {Interferometric detectors of gravitational radiation},
  year       = {1983}
}

@article{Billing,
  author   = {Billing, H. and Maischberger, K. and R{\"{u}}diger, A. and Schilling, R. and Schnupp, L. and Winkler, W.},
  format   = {print},
  journal  = {J. Phys. E},
  keywords = {Gravitational radiation, Gravitational wave detectors, Interferometry},
  pages    = {1043--1050},
  title    = {An argon laser interferometer for the detection of gravitational radiation},
  volume   = {12},
  year     = {1979}
}

@inproceedings{BenderFaller1,
  address    = {Bellingham, U.S.A.},
  author     = {Decher, R.J. and Randall, L. and Bender, P.L. and Faller, J.E.},
  booktitle  = {Active Optical Devices and Applications},
  conference = {April 10--11, 1980, Washington, D.C.},
  editor     = {Cuneo, W.J.},
  format     = {print},
  keywords   = {Gravitational radiation, Gravitational wave detectors, Space missions},
  pages      = {149--153},
  publisher  = {SPIE},
  series     = {Proceedings of the SPIE},
  title      = {Design Aspects of a Laser Gravitational Wave Detector in Space},
  volume     = {228},
  year       = {1980}
}

@inproceedings{BenderFaller2,
  address    = {Noordwijk, Netherlands},
  author     = {Faller, J.E. and Bender, P.L. and Hall, J.L. and Hils, D. and Vincent, M.A.},
  booktitle  = {Kilometric Optical Arrays in Space},
  conference = {Proceedings of the Colloquium held 23--25 October 1984, Carg\`ese, Corsica, France},
  editor     = {Longdon, N. and Melita, O.},
  format     = {print},
  keywords   = {Gravitational radiation, Gravitational wave detectors, Space missions},
  pages      = {157--163},
  publisher  = {ESA Publications Division},
  series     = {ESA Conference Proceedings},
  title      = {Space antenna for gravitational wave astronomy},
  volume     = {SP-226},
  year       = {1985}
}

@inproceedings{LIGO,
  address    = {Tokyo, Japan},
  author     = {Barish, B.C.},
  booktitle  = {Gravitational Wave Detection},
  conference = {Proceedings of the TAMA International Workshop, held at National Women's Education Centre, Saitama, Japan on November 12--14, 1996},
  editor     = {Tsubono, K. and Fujimoto, M.K. and Kuroda, K.},
  format     = {print},
  keywords   = {Gravitational radiation, Gravitational wave detectors, Interferometry},
  pages      = {163--173},
  publisher  = {Universal Academy Press},
  series     = {Frontiers Science Series},
  title      = {LIGO: Status and Prospects},
  volume     = {20},
  year       = {1997}
}

@inproceedings{VIRGO,
  address    = {Singapore; River Edge, U.S.A.},
  author     = {Brillet, A.},
  booktitle  = {Second Edoardo Amaldi Conference on Gravitational Waves},
  conference = {Proceedings of the conference, held at CERN, Switzerland, 1--4 July, 1997},
  editor     = {Coccia, E. and Veneziano, G. and Pizzella, G.},
  format     = {print},
  keywords   = {Gravitational radiation, Gravitational wave detectors, Interferometry},
  pages      = {86--96},
  publisher  = {World Scientific},
  series     = {Edoardo Amaldi Foundation Series},
  title      = {VIRGO -- Status Report, November 1997},
  volume     = {4},
  year       = {1998}
}

@inproceedings{GEO,
  address    = {Tokyo, Japan},
  author     = {Hough, J. et~al.},
  booktitle  = {Gravitational Wave Detection},
  conference = {Proceedings of the TAMA International Workshop, held at National Women's Education Centre, Saitama, Japan on November 12--14, 1996},
  editor     = {Tsubono, K. and Fujimoto, M.K. and Kuroda, K.},
  format     = {print},
  keywords   = {Gravitational radiation, Gravitational wave detectors, Interferometry},
  pages      = {175--182},
  publisher  = {Universal Academy Press},
  series     = {Frontiers Science Series},
  title      = {GEO 600: Current Status and Some Aspects of the Design},
  volume     = {20},
  year       = {1997}
}

@inproceedings{TAMA,
  address    = {Tokyo, Japan},
  author     = {Tsubono, K. (The TAMA Collaboration)},
  booktitle  = {Gravitational Wave Detection},
  conference = {Proceedings of the TAMA International Workshop, held at National Women's Education Centre, Saitama, Japan on November 12--14, 1996},
  editor     = {Tsubono, K. and Fujimoto, M.K. and Kuroda, K.},
  format     = {print},
  keywords   = {Gravitational radiation, Gravitational wave detectors, Interferometry},
  pages      = {183--191},
  publisher  = {Universal Academy Press},
  series     = {Frontiers Science Series},
  title      = {TAMA project},
  volume     = {20},
  year       = {1997}
}

@book{Thorne,
  address   = {New York, U.S.A.},
  author    = {Thorne, K.S.},
  format    = {print},
  keywords  = {Astrophysics, Gravitational wave detectors, Gravitational wave sources},
  publisher = {W.W. Norton},
  title     = {Black Holes and Time Warps: Einstein's Outrageous Legacy},
  year      = {1994}
}

@book{Saulsonbook,
  address   = {Singapore; River Edge, U.S.A.},
  author    = {Saulson, P.R.},
  format    = {print},
  keywords  = {Gravitational radiation, Gravitational wave detectors, Interferometry},
  publisher = {World Scientific},
  title     = {Fundamentals of Interferometric Gravitational Wave Detectors},
  year      = {1994}
}

@book{Blair,
  address   = {Cambridge, U.K., New York, U.S.A.},
  editor    = {Blair, D.G.},
  format    = {print},
  keywords  = {Gravitational wave detectors},
  publisher = {Cambridge University Press},
  title     = {The Detection of Gravitational Waves},
  year      = {1991}
}

@article{Hulse,
  author   = {Hulse, R.A.},
  format   = {print},
  journal  = {Rev. Mod. Phys.},
  keywords = {Gravitational radiation, Observational tests of relativity theory},
  pages    = {699--710},
  title    = {The discovery of the binary pulsar},
  volume   = {66},
  year     = {1994}
}

@article{Taylor,
  author   = {Taylor, J.H.},
  doi      = {10.1103/RevModPhys.66.711},
  format   = {print},
  journal  = {Rev. Mod. Phys.},
  keywords = {Gravitational radiation, Observational tests of relativity theory},
  pages    = {711--719},
  title    = {Binary Pulsars and Relativistic Gravity},
  volume   = {66},
  year     = {1994}
}

@book{Will,
  address   = {Cambridge, U.K.; New York, U.S.A.},
  author    = {Will, C.M.},
  edition   = {2nd},
  format    = {print},
  keywords  = {Gravitational radiation, Tests of relativistic gravity},
  publisher = {Cambridge University Press},
  title     = {Theory and experiment in gravitational physics},
  year      = {1993}
}

@proceedings{LISAsymposium,
  address    = {Bristol, U.K.},
  conference = {Proceedings of the symposium, held at the Rutherford Appleton Laboratory in Chilton, 9--12 July 1996},
  editor     = {},
  format     = {print},
  keywords   = {Gravitational radiation, Gravitational wave detectors, Space missions},
  number     = {6},
  publisher  = {Institute of Physics Publishing},
  series     = {Class. Quantum Grav.},
  title      = {First International LISA Symposium},
  volume     = {14},
  year       = {1997}
}

@proceedings{sources,
  address    = {Singapore; River Edge, U.S.A.},
  conference = {Proceedings of the International Conference, Cascina (Pisa), 19--23 March 1996},
  editor     = {Ciufolini, I. and Fidecaro, F.},
  format     = {print},
  keywords   = {Gravitational radiation, Gravitational wave detectors, Space missions},
  publisher  = {World Scientific},
  series     = {Edoardo Amaldi Foundation Series},
  title      = {Gravitational Waves: Sources and Detectors},
  volume     = {2},
  year       = {1997}
}

@proceedings{Amaldiproc,
  address    = {Melville, U.S.A.},
  conference = {Third Edoardo Amaldi Conference, Pasadena, California, 12--16 July, 1999},
  editor     = {Meshkov, S.},
  format     = {print},
  keywords   = {Gravitational radiation, Gravitational wave detectors, Space missions},
  note       = {cited online version is offline in 2004
http://131.215.125.172/info/paperindex/},
  publisher  = {American Institute of Physics},
  series     = {AIP Conference Proceedings},
  title      = {Gravitational Waves, Sources and Detectors},
  volume     = {523},
  year       = {2000}
}

@article{Schutz,
  author   = {Schutz, B.F.},
  format   = {print},
  journal  = {Nature},
  keywords = {Gravitational radiation, Gravitational wave detectors, Hubble constant},
  pages    = {310--311},
  title    = {Determining the nature of the Hubble constant},
  volume   = {323},
  year     = {1986}
}

@article{Forward2,
  author   = {Forward, R.L. and Zipoy, D. and Weber, J. and Smith, S. and Benioff, H.},
  format   = {print},
  journal  = {Nature},
  keywords = {Gravitational radiation, Gravitational wave detectors},
  pages    = {473},
  title    = {Upper Limit for Interstellar Millicycle Gravitational Radiation},
  volume   = {189},
  year     = {1961}
}

@inproceedings{Spero,
  address    = {Melville, U.S.A.},
  author     = {Spero, R.E.},
  booktitle  = {Science Underground},
  conference = {Proceedings of the Workshop, Los Alamos, 1982},
  editor     = {Nieto, M.M. et al.},
  format     = {print},
  keywords   = {Gravitational wave detectors, Noise},
  number     = {96},
  pages      = {347--350},
  publisher  = {American Institute of Physics},
  series     = {AIP Conference Proceedings},
  title      = {Prospects for Ground Based Detectors of Low Frequency Gravitational Radiation},
  year       = {1983}
}

@article{Saulson1,
  author   = {Saulson, P.R.},
  format   = {print},
  journal  = {Phys. Rev. D},
  keywords = {Gravitational wave detectors, Noise},
  pages    = {732--736},
  title    = {Terrestrial gravitational noise on a gravitational wave antenna},
  volume   = {30},
  year     = {1984}
}

@article{Beccaria,
  author   = {Beccaria, M. and Bernardini, M. and Braccini, S. and Bradaschia, C. and Bozzi, A. and Casciano, C. and Cella, G. and Ciampa, A. and Cuoco, E. and Curci, G. and D'Ambrosio, E. and Dattilo, V. and DeCarolis, G. and DeSalvo, R. and Di Virgilio, A. and Delapierre, A. and Enard, D. and Errico, A. and Feng, G. and Ferrante, I. and Fidecaro, F. and Frasconi, F. and Gaddi, A. and Gennai, A. and Gennaro, G. and Giazotto, A. and La Penna, P. and Losurdo, G. and Maggiore, M. and Mancini, S. and Palla, F. and Pan, H.B. and Paoletti, F. and Pasqualetti, A. and Passaquieti, R. and Passuello, D. and Poggiani, R. and Popolizio, P. and Raffaelli, F. and Rapisarda, S. and Vicer{\'{e}}, A. and Zhang, Z.},
  format   = {print},
  journal  = {Class. Quantum Grav.},
  keywords = {Gravitational wave detectors, Noise},
  pages    = {3339--3362},
  title    = {Relevance of Newtonian seismic noise for the VIRGO interferometer sensitivity},
  volume   = {15},
  year     = {1998}
}

@article{Hughes,
  author   = {Hughes, S.A. and Thorne, K.S.},
  format   = {print},
  id       = {122002},
  journal  = {Phys. Rev. D},
  keywords = {Gravitational wave detectors, Noise},
  pages    = {1--27},
  title    = {Seismic gravity-gradient noise in interferometric gravitational-wave detectors},
  volume   = {58},
  year     = {1998}
}

@article{Braccini,
  author   = {Braccini, S. and Bradaschia, C. and Del Fabbro, R. and Di Virgilio, A. and Ferrante, I. and Fidecaro, F. and Flaminio, R. and Gennai, A. and Giassi, A. and Giazotto, A. and Gorini, G. and Losurdo, G. and Palla, F. and Pasqualetti, A. and Passuello, D. and Poggiani, R. and Torelli, G. and Zhang, Z.},
  format   = {print},
  journal  = {Rev. Sci. Instrum.},
  keywords = {Gravitational wave detectors, Noise},
  pages    = {2899--2902},
  title    = {Seismic vibrations mechanical filters for the gravitational waves detector VIRGO},
  volume   = {67},
  year     = {1996}
}

@article{Ju1,
  author   = {Ju, L. and Blair, D.G.},
  format   = {print},
  journal  = {Rev. Sci. Instrum.},
  keywords = {Gravitational wave detectors, Noise},
  pages    = {3482--3488},
  title    = {Low Resonant-Frequency Cantilever Spring Vibration Isolator for Gravitational-Wave Detectors},
  volume   = {65},
  year     = {1994}
}

@inproceedings{DeSalvo,
  address    = {Hanoi, Vietnam},
  author     = {DeSalvo, R. et~al.},
  booktitle  = {Gravitational Waves and Experimental Gravity},
  conference = {Proceedings of the XXXIVth Rencontres De Moriond, Les Arcs, France, January 23--30, 1999},
  editor     = {Tr{\^{a}}n Than V{\^{a}}n, J. and Dumarchez, J. and Raynoud, S. and Salomon, C. and Thorsett, S. and Vinet, J.Y.},
  format     = {print},
  keywords   = {Gravitational wave detectors, Noise},
  publisher  = {World Publishers},
  title      = {Second generation suspensions for LIGO},
  year       = {2000}
}

@article{Plissi1,
  author   = {Plissi, M.V. and Strain, K.A. and Torrie, C.I. and Robertson, N.A. and Killbourn, S. and Rowan, S. and Twyford, S.M. and Ward, H. and Skeldon, K.D. and Hough, J.},
  format   = {print},
  journal  = {Rev. Sci. Instrum.},
  keywords = {Gravitational wave detectors, Noise},
  pages    = {3055--3061},
  title    = {Aspects of the suspension system for GEO 600},
  volume   = {69},
  year     = {1998}
}

@inproceedings{Torrie,
  address    = {Hanoi, Vietnam},
  author     = {Torrie, C.I. and Cagnoli, G. and Hough, J. and Husman, M.E. and McIntosh, S. and Palmer, D. and Plissi, M.V. and Robertson, N.A. and Rowan, S. and Sneddon, P. and Strain, K.A. and Ward, H.},
  booktitle  = {Gravitational Waves and Experimental Gravity},
  conference = {Proceedings of the XXXIVth Rencontres De Moriond, Les Arcs, France, January 23--30, 1999},
  editor     = {Tr{\^{a}}n Than V{\^{a}}n, J. and Dumarchez, J. and Raynoud, S. and Salomon, C. and Thorsett, S. and Vinet, J.Y.},
  format     = {print},
  keywords   = {Gravitational wave detectors, Noise},
  pages      = {235--240},
  publisher  = {World Publishers},
  title      = {Suspension system design for the main optics for GEO 600},
  year       = {2000}
}

@inproceedings{Losurdo,
  address    = {Singapore; River Edge, U.S.A.},
  author     = {Losurdo, G. et~al.},
  booktitle  = {Second Edoardo Amaldi Conference on Gravitational Waves},
  conference = {Proceedings of the conference, held at CERN, Switzerland, 1--4 July, 1997},
  editor     = {Coccia, E. and Veneziano, G. and Pizzella, G.},
  format     = {print},
  keywords   = {Gravitational wave detectors, Noise},
  pages      = {334--338},
  publisher  = {World Scientific},
  series     = {Edoardo Amaldi Foundation Series},
  title      = {Active Control Hierarchy in VIRGO Superattenuator: The Role of the Inverted Pendulum},
  volume     = {4},
  year       = {1998}
}

@inproceedings{Winterflood,
  address    = {Singapore; River Edge, U.S.A.},
  author     = {Winterflood, J. and Blair, D.G.},
  booktitle  = {Second Edoardo Amaldi Conference on Gravitational Waves},
  conference = {Proceedings of the conference, held at CERN, Switzerland, 1--4 July, 1997},
  editor     = {Coccia, E. and Veneziano, G. and Pizzella, G.},
  format     = {print},
  keywords   = {Gravitational wave detectors, Noise},
  pages      = {485--489},
  publisher  = {World Scientific},
  series     = {Edoardo Amaldi Foundation Series},
  title      = {Ultra-Low Frequency Pre-Isolation in Three Dimensons},
  volume     = {4},
  year       = {1998}
}

@article{Plissi2,
  author   = {Plissi, M.V. and Torrie, C.I. and Husman, M.E. and Robertson, N.A. and Strain, K.A. and Ward, H. and L{\"{u}}ck, H. and Hough, J.},
  format   = {print},
  journal  = {Rev. Sci. Instrum.},
  keywords = {Gravitational wave detectors, Noise},
  pages    = {2539--2545},
  title    = {GEO 600 triple pendulum suspension system: Seismic isolation and control},
  volume   = {71},
  year     = {2000}
}

@article{LISA,
  author   = {Danzmann, K. et~al.},
  format   = {print},
  journal  = {Class. Quantum Grav.},
  keywords = {Gravitational radiation, Gravitational wave detectors, Space missions},
  pages    = {A247--A250},
  title    = {LISA: Laser Interferometer Space Antenna for Gravitational Wave Measurements},
  volume   = {13},
  year     = {1996}
}

@article{Saulson2,
  author   = {Saulson, P.R.},
  format   = {print},
  journal  = {Phys. Rev. D},
  keywords = {Gravitational wave detectors, Noise},
  pages    = {2437--2445},
  title    = {Thermal noise in mechanical experiments},
  volume   = {42},
  year     = {1990}
}

@book{Nowick,
  address   = {New York, U.S.A.},
  author    = {Nowick, A.S. and Berry, B.S.},
  format    = {print},
  keywords  = {Dynamical systems, Noise},
  publisher = {Academic Press},
  series    = {Materials Science Series},
  title     = {Anelastic Relaxation in Crystalline Solids},
  volume    = {1},
  year      = {1972}
}

@article{Gillespie,
  author   = {Gillespie, A.D. and Raab, F.J.},
  format   = {print},
  journal  = {Phys. Rev. D},
  keywords = {Gravitational wave detectors, Noise},
  pages    = {577--585},
  title    = {Thermally Excited Vibrations of the Mirrors of Laser Interferometer Gravitational-Wave Detectors},
  volume   = {52},
  year     = {1995}
}

@article{Bragthermo,
  author   = {Braginsky, V.B. and Gorodetsky, M.L. and Vyatchanin, S.P.},
  format   = {print},
  journal  = {Phys. Lett. A},
  keywords = {Gravitational wave detectors, Noise},
  pages    = {1},
  title    = {Thermodynamical fluctuations and photo-thermal shot noise in gravitational wave antennae},
  volume   = {264},
  year     = {1999}
}

@article{Bondu,
  author   = {Bondu, F. and Hello, P. and Vinet, J.-Y.},
  format   = {print},
  journal  = {Phys. Lett. A},
  keywords = {Gravitational wave detectors, Noise},
  pages    = {227--236},
  title    = {Thermal noise in mirrors on interferometric gravitational wave antennas},
  volume   = {246},
  year     = {1998}
}

@article{Levin,
  author   = {Levin, Y.U.},
  format   = {print},
  journal  = {Phys. Rev. D},
  keywords = {Gravitational wave detectors, Noise},
  pages    = {659--663},
  title    = {Internal thermal noise in the LIGO test masses: A direct approach},
  volume   = {57},
  year     = {1998}
}

@inproceedings{Rowan1,
  address    = {Singapore; River Edge, U.S.A.},
  author     = {Rowan, S. and Twyford, S.M. and Hough, J.},
  booktitle  = {Second Edoardo Amaldi Conference on Gravitational Waves},
  conference = {Proceedings of the conference, held at CERN, Switzerland, 1--4 July, 1997},
  editor     = {Coccia, E. and Veneziano, G. and Pizzella, G.},
  format     = {print},
  keywords   = {Gravitational wave detectors, Noise},
  pages      = {363--369},
  publisher  = {World Scientific},
  series     = {Edoardo Amaldi Foundation Series},
  title      = {The design of low loss suspensions for advanced gravitational wave detectors},
  volume     = {4},
  year       = {1998}
}

@inproceedings{RowanTAMA,
  address    = {Tokyo, Japan},
  author     = {Rowan, S. and Cagnoli, G. and McIntosh, S. and Sneddon, P. and Crookes, D. and Hough, J. and Gustafson, E.K. and Route, R. and Fejer, M.M.},
  booktitle  = {Gravitational Wave Detection II},
  conference = {Proceedings of the 2nd TAMA Workshop on Gravitational Wave Detection, held on October 19--22, 1999, National Olympics Memorial Youth Center, Tokyo, Japan},
  editor     = {Kawamura, S. and Mio, N.},
  format     = {print},
  keywords   = {Gravitational wave detectors, Noise},
  publisher  = {Universal Academy Press},
  series     = {Frontiers Science Series},
  title      = {Fused Silica Suspensions for Advanced Gravitational Wave Detectors},
  volume     = {32},
  year       = {2000}
}

@article{Braginsky1,
  author   = {Braginsky, V.B. and Mitrofanov, V.P. and Tokmakov, K.V.},
  format   = {print},
  journal  = {Phys. Lett. A},
  keywords = {Gravitational wave detectors, Noise},
  pages    = {164--166},
  title    = {Energy dissipation in the pendulum mode of the test mass suspension of a gravitational wave antenna},
  volume   = {218},
  year     = {1996}
}

@article{Rowan2,
  author   = {Rowan, S. and Twyford, S.M. and Hutchins, R. and Kovalik, J. and Logan, J.E. and McLaren, A.C. and Robertson, N.A. and Hough, J.},
  format   = {print},
  journal  = {Phys. Lett. A},
  keywords = {Gravitational wave detectors, Noise},
  pages    = {303--308},
  title    = {Q factor measurements on prototype fused quartz pendulum suspensions for use in gravitational wave detectors},
  volume   = {233},
  year     = {1997}
}

@article{Lunin,
  author   = {Lunin, B.S. and Torbin, S.N. and Danchevskaya, M.N. and Batov, I.V.},
  format   = {print},
  journal  = {Moscow Univ. Chem. Bull.},
  keywords = {Dynamical systems, Noise},
  number   = {2},
  pages    = {24--28},
  title    = {Influence of the Damaged Surface Layer on the Q of Fused Silica Resonators},
  volume   = {35},
  year     = {1994}
}

@article{Startin,
  author   = {Startin, W.J. and Beilby, M.A. and Saulson, P.R.},
  format   = {print},
  journal  = {Rev. Sci. Instrum.},
  keywords = {Gravitational wave detectors, Noise},
  pages    = {3681--3689},
  title    = {Mechanical quality factors of fused silica resonators},
  volume   = {69},
  year     = {1998}
}

@book{Braginsky2,
  address   = {Chicago, U.S.A.},
  author    = {Braginsky, V.B. and Mitrofanov, V.P. and Panov, V.I.},
  format    = {print},
  keywords  = {Dynamical systems, Noise},
  publisher = {University of Chicago Press},
  title     = {Systems with Small Dissipation},
  year      = {1985}
}

@article{Ju2,
  author   = {Ju, L. and Notcutt, M. and Blair, D.G. and Bondu, F. and Zhao, C.N.},
  format   = {print},
  journal  = {Phys. Lett. A},
  keywords = {Gravitational wave detectors, Interferometry, Noise},
  pages    = {197--206},
  title    = {Sapphire beamsplitters and test masses for advanced laser interferometric gravitational wave detectors},
  volume   = {218},
  year     = {1996}
}

@article{Rowan3,
  author   = {Rowan, S. and Twyford, S.M. and Hough, J. and Gwo, D.-H. and Route, R.},
  format   = {print},
  journal  = {Phys. Lett. A},
  keywords = {Gravitational wave detectors, Interferometry, Noise},
  pages    = {471--478},
  title    = {Mechanical losses associated with the technique of hydroxide-catalysis bonding of fused silica},
  volume   = {246},
  year     = {1998}
}

@inproceedings{HoughMG5,
  address    = {Singapore; River Edge, U.S.A.},
  author     = {Hough, J.},
  booktitle  = {The Fifth Marcel Grossmann Meeting on recent developments in theoretical and experimental general relativity, gravitation and relativistic field theories, Part A},
  conference = {Proceedings of the meeting held at The University of Western Australia, 8--13 August 1988},
  editor     = {Blair, D.G. and Buckingham, M.J.},
  format     = {print},
  keywords   = {Gravitational radiation, Gravitational wave detectors},
  pages      = {265--282},
  publisher  = {World Scientific},
  title      = {Prospects for Gravitational Wave Detection with Laser Interferometer Detectors},
  year       = {1989}
}

@article{Edelstein,
  author   = {Edelstein, W.A. and Hough, J. and Pugh, J.R. and Martin, W.},
  format   = {print},
  journal  = {J. Phys. E},
  keywords = {Gravitational wave detectors, Interferometry, Noise},
  number   = {7},
  pages    = {710--711},
  title    = {Limits to the measurement of displacement in an interferometric gravitational radiation detector},
  volume   = {11},
  year     = {1978}
}

@inproceedings{Drever3,
  address    = {New York, U.S.A.},
  author     = {Drever, R.W.P. and Hough, J. and Munley, A.J. and Lee, S.-A. and Spero, R.E. and Whitcomb, S.E. and Ward, H. and Ford, G.M. and Hereld, M. and Robertson, N.A. and Kerr, I. and Pugh, J.R. and Newton, G.P. and Meers, B.J. and Brooks III, E.D. and G{\"{u}}rsel, Y.},
  booktitle  = {Quantum Optics, Experimental Gravity, and Measurement Theory},
  conference = {Proceedings of the NATO Advanced Study Institute, held August 16--29, 1981 in Bad Windsheim, Germany},
  editor     = {Meystre, P. and Scully, M.O.},
  format     = {print},
  keywords   = {Gravitational wave detectors, Interferometry, Noise},
  pages      = {503--514},
  publisher  = {Plenum Press},
  series     = {NATO ASI Series, Series B},
  title      = {Gravitational wave detectors using laser interferometers and optical cavities: Ideas, principles and prospects},
  volume     = {94},
  year       = {1983}
}

@misc{Schilling,
  author   = {Schilling, R.},
  format   = {personal communication},
  keywords = {Gravitational wave detectors, Interferometry, Noise},
  year     = {1981}
}

@article{Meers,
  author   = {Meers, B.J.},
  format   = {print},
  journal  = {Phys. Rev. D},
  keywords = {Gravitational wave detectors, Interferometry, Noise},
  number   = {8},
  pages    = {2317--2326},
  title    = {Recycling in laser-interferometric gravitational-wave detectors},
  volume   = {38},
  year     = {1988}
}

@article{Strain,
  author   = {Strain, K. A. and Meers, B. J.},
  format   = {print},
  journal  = {Phys. Rev. Lett.},
  keywords = {Gravitational wave detectors, Interferometry, Noise},
  number   = {11},
  pages    = {1391--1394},
  title    = {Experimental demonstration of dual recycling for interferometric gravitational-wave detectors},
  volume   = {66},
  year     = {1991}
}

@article{Heinzel,
  author   = {Heinzel, G. and Strain, K.A. and Mizuno, J. and Skeldon, K.D. and Willke, B. and Winkler, W. and Schilling, R. and Danzmann, K.},
  format   = {print},
  journal  = {Phys. Rev. Lett.},
  keywords = {Gravitational wave detectors, Interferometry, Noise},
  pages    = {5493--5496},
  title    = {An experimental demonstration of dual recycling on a suspended interferometer},
  volume   = {81},
  year     = {1998}
}

@article{Caves1,
  author   = {Caves, C. M.},
  format   = {print},
  journal  = {Phys. Rev. Lett.},
  keywords = {Gravitational wave detectors, Interferometry, Noise},
  pages    = {75--79},
  title    = {Quantum-mechanical radiation pressure fluctuations in an interferometer},
  volume   = {45},
  year     = {1980}
}

@article{Caves2,
  author   = {Caves, C. M.},
  format   = {print},
  journal  = {Phys. Rev. D},
  keywords = {Gravitational wave detectors, Interferometry, Noise},
  pages    = {1693--1708},
  title    = {Quantum-mechanical noise in an interferometer},
  volume   = {23},
  year     = {1981}
}

@article{Loudon,
  author   = {Loudon, R.},
  format   = {print},
  journal  = {Phys. Rev. Lett.},
  keywords = {Gravitational wave detectors, Interferometry, Noise},
  pages    = {815--818},
  title    = {Quantum limit on the Michelson interferometer used for gravitational-wave detection},
  volume   = {47},
  year     = {1981}
}

@misc{Houghprivcomm,
  author   = {Hough, J. and Strain, K. A.},
  format   = {personal communication},
  keywords = {Gravitational wave detectors, Interferometry, Noise},
  year     = {1999}
}

@incollection{Hough,
  address   = {Cambridge, U.K.; New York, U.S.A.},
  author    = {Hough, J. and Ward, H. and Kerr, G.A. and Mackenzie, N.L. and Meers, B.J. and Newton, G. and Robertson, D.I. and Robertson, N.A. and Schilling, R.},
  booktitle = {The Detection of Gravitational Waves},
  editor    = {Blair, D.},
  format    = {print},
  keywords  = {Gravitational wave detectors, Laser technology, Noise},
  pages     = {329--351},
  publisher = {Cambridge University Press},
  title     = {The stabilisation of lasers for interferometric gravitational wave detectors},
  year      = {1991}
}

@article{Mangan,
  author   = {Robertson, N. A. and Hoggan, S. and Mangan, J. B. and Hough, J.},
  format   = {print},
  journal  = {Appl. Phys. B},
  keywords = {Gravitational wave detectors, Laser technology, Noise},
  pages    = {149--153},
  title    = {Intensity stabilisation of an argon laser using an electro-optic modulator},
  volume   = {39},
  year     = {1986}
}

@article{Rudiger,
  author   = {R{\"{u}}diger, A. and Schilling, R. and Schnupp, L. and Winkler, W. and Billing, H. and Maischberger, K.},
  format   = {print},
  journal  = {Opt. Acta},
  keywords = {Gravitational wave detectors, Laser technology, Noise},
  number   = {5},
  pages    = {641--658},
  title    = {A mode selector to suppress fluctuations in laser beam geometry},
  volume   = {26},
  year     = {1981}
}

@thesis{Meersphd,
  address  = {Glasgow, U.K.},
  author   = {Meers, B.J.},
  format   = {phd},
  keywords = {Gravitational wave detectors, Interferometry, Noise},
  school   = {University of Glasgow},
  title    = {Some aspects of the development of an optically sensed gravitational-wave detector},
  year     = {1983}
}

@article{Skeldon,
  author   = {Skeldon, K.D. and Strain, K.A. and Grant, A.I. and Hough, J.},
  format   = {print},
  journal  = {Rev. Sci. Instrum.},
  keywords = {Gravitational wave detectors, Laser technology, Noise},
  number   = {7},
  pages    = {2443--2448},
  title    = {Test of an 18-m-long suspended modecleaner cavity},
  volume   = {67},
  year     = {1996}
}

@article{Willke,
  author   = {Willke, B. and Uehara, N. and Gustafson, E.K. and Byer, R.L. and King, P.J. and Steel, S.U. and Savage Jr, R.L.},
  format   = {print},
  journal  = {Opt. Lett.},
  keywords = {Gravitational wave detectors, Laser technology, Noise},
  number   = {21},
  pages    = {1704--1706},
  title    = {Spatial and temporal filtering of a 10-W Nd:YAG laser with a Fabry-Perot ring-cavity premode cleaner},
  volume   = {23},
  year     = {1998}
}

@article{Araya,
  author   = {Araya, A. and Mio, N. and Tsubono, K. and Suehiro, K. and Telada, S. and Ohashi, M. and Fujimoto, M.-K.},
  format   = {print},
  journal  = {Appl. Optics},
  keywords = {Gravitational wave detectors, Laser technology, Noise},
  number   = {7},
  pages    = {1446--1453},
  title    = {Optical mode cleaner with suspended mirrors},
  volume   = {36},
  year     = {1997}
}

@article{Shoemaker,
  author   = {Shoemaker, D.H. and Schilling, R. and Schnupp, L. and Winkler, W. and Maischberger, K. and R{\"{u}}diger, A.},
  format   = {print},
  journal  = {Phys. Rev. D},
  keywords = {Gravitational wave detectors, Interferometry, Noise},
  number   = {2},
  pages    = {423--432},
  title    = {Noise behavior of the Garching 30-meter prototype gravitational-wave detector},
  volume   = {38},
  year     = {1988}
}

@article{Robertson,
  author   = {Robertson, D.I. and Morrison, E. and Hough, J. and Killbourn, S. and Meers, B.J. and Newton, G.P. and Robertson, N.A. and Strain, K.A. and Ward, H.},
  format   = {print},
  journal  = {Rev. Sci. Instrum.},
  keywords = {Gravitational wave detectors, Laser technology, Noise},
  number   = {9},
  pages    = {4447--4452},
  title    = {The Glasgow 10 m prototype laser interferometric gravitational wave detector},
  volume   = {66},
  year     = {1995}
}

@misc{Vogt,
  author   = {Vogt, R.E. and Drever, R.W.P. and Thorne, K.S. and Raab, F.J. and Weiss, R.},
  format   = {unknown},
  keywords = {Gravitational radiation, Gravitational wave detectors, Interferometry},
  title    = {A Laser Interferometer Gravitational Wave Observatory (Proposal to the National Science Foundation)},
  year     = {1989}
}

@article{Kerr,
  author   = {Kerr, G.A. and Hough, J.},
  format   = {print},
  journal  = {Appl. Phys. B},
  keywords = {Gravitational wave detectors, Laser technology, Noise},
  pages    = {491--495},
  title    = {Coherent addition of laser oscillators for use in gravitational wave antenna},
  volume   = {49},
  year     = {1989}
}

@article{Kogelnik,
  author   = {Kogelnik, H. and Li, T.},
  format   = {print},
  journal  = {Proc. IEEE},
  keywords = {Laser technology},
  pages    = {1312--1329},
  title    = {Laser beams and resonators},
  volume   = {54},
  year     = {1966}
}

@article{Shine,
  author   = {Shine Jr, R.J. and Alfrey, A.J. and Byer, R.L.},
  format   = {print},
  journal  = {Opt. Lett.},
  keywords = {Laser technology},
  number   = {5},
  pages    = {459--461},
  title    = {40 W TEM00-mode, diode-laser-pumped Nd:YAG miniature-slab laser},
  volume   = {20},
  year     = {1995}
}

@article{Kane1,
  author   = {Kane, T.J. and Byer, R.L.},
  format   = {print},
  journal  = {Opt. Lett.},
  keywords = {Laser technology},
  number   = {2},
  pages    = {65--67},
  title    = {Monolithic, unidirectional single-mode Nd:YAG ring laser},
  volume   = {10},
  year     = {1985}
}

@article{Kane2,
  author   = {Kane, T.J.},
  format   = {print},
  journal  = {IEEE Photon. Technol. Lett.},
  keywords = {Laser technology, Noise},
  number   = {4},
  pages    = {244--245},
  title    = {Intensity noise in diode-pumped single-frequency Nd:YAG lasers and its control by electronic feedback},
  volume   = {2},
  year     = {1990}
}

@article{Fritschel,
  author   = {Fritschel, P. and Jeffries, A. and Kane, T.J.},
  format   = {print},
  journal  = {Opt. Lett.},
  keywords = {Laser technology, Noise},
  pages    = {993--995},
  title    = {Frequency fluctuations of a diode-pumped Nd:YAG ring laser},
  volume   = {14},
  year     = {1989}
}

@article{Campbell,
  author   = {Campbell, A.M. and Rowan, S. and Hough, J.},
  format   = {print},
  journal  = {Phys. Lett. A},
  keywords = {Laser technology, Noise},
  pages    = {363--369},
  title    = {Apparent relaxation oscillations in the frequency noise of a diode-pumped miniature Nd:YAG ring laser},
  volume   = {170},
  year     = {1992}
}

@article{Rowan4,
  author   = {Rowan, S. and Campbell, A.M. and Skeldon, K.D. and Hough, J.},
  format   = {print},
  journal  = {Phys. Lett. A},
  keywords = {Laser technology, Noise},
  number   = {6},
  pages    = {1263--1269},
  title    = {Broadband intensity stabilization of a diode-pumped monolithic miniature Nd:YAG ring laser},
  volume   = {41},
  year     = {1994}
}

@article{Harb,
  author   = {Harb, C.C. and Gray, M.B. and Bachor, H.-A. and Schilling, R. and Rottengatter, P. and Freitag, I. and Welling, H.},
  format   = {print},
  journal  = {IEEE J. Quantum Electron.},
  keywords = {Laser technology, Noise},
  number   = {12},
  pages    = {2907--2913},
  title    = {Suppression of the intensity noise in a diode-pumped neodymium:YAG nonplanar ring laser},
  volume   = {30},
  year     = {1994}
}

@article{Cregut,
  author   = {Cregut, O. and Man, C.N. and Shoemaker, D. and Brillet, A. and Menhert, A. and Peuser, P. and Schmitt, N.P. and Zeller, P. and Wallermoth, K.},
  format   = {print},
  journal  = {Phys. Lett. A},
  keywords = {Laser technology, Noise},
  number   = {6},
  pages    = {294--298},
  title    = {18 W single-frequency operation of an injection-locked, CW, Nd:YAG laser},
  volume   = {140},
  year     = {1989}
}

@article{Nabors,
  author   = {Nabors, C.D. and Farinas, A.D. and Day, T. and Yang, S.T. and Gustafson, E.K. and Byer, R.L.},
  format   = {print},
  journal  = {Opt. Lett.},
  keywords = {Laser technology, Noise},
  pages    = {1189--1191},
  title    = {Injection locking of a 13-W CW Nd:YAG ring laser},
  volume   = {14},
  year     = {1989}
}

@article{Golla,
  author   = {Golla, D. and Freitag, I. and Zellmer, H. and Schone, W. and Kropke, I. and Welling, H.},
  format   = {print},
  journal  = {Opt. Commun.},
  keywords = {Laser technology, Noise},
  pages    = {86--90},
  title    = {15 W single-frequency operation of a CW diode laser-pumped Nd:YAG ring laser},
  volume   = {98},
  year     = {1993}
}

@article{Farinas,
  author   = {Farinas, A.D. and Gustafson, E.K. and Byer, R.L.},
  format   = {print},
  journal  = {J. Opt. Soc. Am. B},
  keywords = {Laser technology, Noise},
  pages    = {328--334},
  title    = {Frequency and intensity noise in an injection-locked, solid-state laser},
  volume   = {12},
  year     = {1995}
}

@inproceedings{Weichmann,
  address    = {Washington, U.S.A.},
  author     = {Weichmann, W. and Kane, T.J. and Haserot, D. and Adams, F. and Truong, G. and Kmetec, J.D.},
  booktitle  = {Conference on Lasers and Electro-Optics (CLEO '98)},
  conference = {Summaries of papers presented at the conference, held at the Moscone Center, San Francisco, May 3--8, 1998},
  editor     = {},
  format     = {print},
  keywords   = {Laser technology},
  pages      = {432--433},
  publisher  = {Optical Society of America},
  series     = {OSA Technical Digest Series},
  title      = {20-W diode-pumped single-frequency Nd:YAG MOPA for the Laser Interferometer Gravitational Wave Observatory},
  volume     = {6},
  year       = {1998}
}

@article{Harris,
  author   = {Harris, M. and Loudon, R. and Shepherd, T.J. and Vaughan, J.M.},
  format   = {print},
  journal  = {J. Mod. Opt.},
  keywords = {Laser technology, Noise},
  number   = {6},
  pages    = {1195--1203},
  title    = {Optical Amplification and Spontaneous Emission in an $Ar^+$ Discharge},
  volume   = {39},
  year     = {1992}
}

@article{Tulloch,
  author   = {Tulloch, W.M. and Rutherford, T.S. and Huntingdon, E.H. and Ewart, R. and Harb, C.C. and Willke, B. and Gustafson, E.K. and Fejer, M.M. and Byer, R.L. and Rowan, S. and Hough, J.},
  format   = {print},
  journal  = {Opt. Lett.},
  keywords = {Gravitational wave detectors, Laser technology, Noise},
  pages    = {1852--1854},
  title    = {Quantum noise in a continuous-wave laser-diode-pumped Nd:YAG linear optical amplifier},
  volume   = {23},
  year     = {1998}
}

@article{Abramovici,
  author   = {Abramovici, A. and Althouse, W.E. and Camp, J. and Durance, D. and Giaime, J.A. and Gillespie, A. and Kawamura, S. and Kuhnert, A. and Lyons, T. and Raab, F.J. and Savage Jr, R.L. and Shoemaker, D. and Sievers, L. and Spero, R.E. and Vogt, R.E. and Weiss, R. and Whitcomb, S.E. and Zucker, M.E.},
  format   = {print},
  journal  = {Phys. Lett. A},
  keywords = {Gravitational wave detectors, Interferometry, Noise},
  pages    = {157--163},
  title    = {Improved sensitivity in a gravitational wave interferometer and implications for LIGO},
  volume   = {218},
  year     = {1996}
}

@article{Fritschel2,
  author   = {Fritschel, P. and Gonz{\'{a}}lez, G. and Lantz, B. and Saha, P. and Zucker, M.E.},
  format   = {print},
  journal  = {Phys. Rev. Lett.},
  keywords = {Gravitational wave detectors, Interferometry, Noise},
  number   = {15},
  pages    = {3181--3184},
  title    = {High power interferometric phase measurement},
  volume   = {80},
  year     = {1998}
}

@inproceedings{Mizuno,
  address    = {Singapore; River Edge, U.S.A.},
  author     = {Mizuno, E. and Kawashima, N. and Miyoke, S. and Heflin, E.G. and Wada, K. and Naito, W. and Nagano, S. and Arakawa, K.},
  booktitle  = {Gravitational Waves: Sources and Detectors},
  conference = {Proceedings of the International Conference, Cascina (Pisa), 19--23 March 1996},
  editor     = {Ciufolini, I. and F. Fidecaro},
  format     = {print},
  keywords   = {Gravitational wave detectors, Interferometry, Noise},
  pages      = {108--110},
  publisher  = {World Scientific},
  series     = {Edoardo Amaldi Foundation Series},
  title      = {Effort of Stable Operation by Noise Rreduction of 100m DL Laser Iinterferometer [TENKO-100] for Gravitational Wave Detection},
  volume     = {2},
  year       = {1997}
}

@online{Whitepaper,
  author    = {Gustafson, E. K. and Shoemaker, D. and Strain, K. A. and Weiss, R.},
  cited     = {15 January 2000},
  format    = {other},
  keywords  = {Gravitational wave detectors, Interferometry, Noise},
  publisher = {LIGO Scientific Collaboration},
  title     = {LSC White Paper on Detector Research and Development},
  url       = {http://www.ligo.caltech.edu/docs/T/T990080-00.pdf},
  year      = {1999}
}

@online{astro2010,
     format = {project homepage},
      cited = {14 December 2010},
        url = {http://sites.nationalacademies.org/bpa/BPA_049810},
      title = {Astro2010: The Astronomy and Astrophysics Decadal Survey},
  publisher = {The National Acadamies}
}
    

@article{McNamara,
  author   = {McNamara, P. W. and Ward, H. and Hough, J. and Robertson, D. I.},
  format   = {print},
  journal  = {Class. Quantum Grav.},
  keywords = {Gravitational wave detectors, Laser technology, Space missions},
  pages    = {1543--1547},
  title    = {Laser frequency stabilization for spaceborne gravitational wave detectors},
  volume   = {14},
  year     = {1997}
}

@techreport{Faller2,
  address   = {Pasadena, U.S.A.},
  author    = {Faller, J.E.},
  format    = {print},
  id        = {JPL D-8541(2)},
  keywords  = {Gravitational wave detectors, Laser technology, Space missions},
  publisher = {Jet Propulsion Laboratory},
  title     = {Workshop Proceedings: Technologies for a Laser Gravitational Wave Observatory in Space (LAGOS)},
  year      = {1991}
}

@article{Giampieri,
  author   = {Giampieri, G. and Hellings, R. W. and Tinto, M. and Faller, J. E.},
  format   = {print},
  journal  = {Opt. Commun.},
  keywords = {Gravitational wave detectors, Interferometry, Space missions},
  pages    = {669--678},
  title    = {Algorithms for unequal-arm Michelson interferometers},
  volume   = {123},
  year     = {1996}
}

@inproceedings{Houghetal,
  address    = {Noordwijk, Netherlands},
  author     = {Hough, J. (For the LISA Science Team)},
  booktitle  = {Fundamental Physics in Space},
  conference = {Proceedings of the Alpbach Summer School 1997, Alpbach, Tyrol, Austria 22--31 July 1997},
  editor     = {Wilson, A.},
  format     = {print},
  keywords   = {Gravitational wave detectors, Interferometry, Space missions},
  pages      = {253--258},
  publisher  = {ESA Publications Division},
  series     = {ESA Conference Proceedings},
  title      = {LISA - The Interferometer},
  volume     = {SP-420},
  year       = {1997}
}

@online{GCN,
  cited     = {3 October 2008},
  format    = {project homepage},
  keywords  = {Gamma ray bursts},
  publisher = {NASA},
  title     = {GCN},
  url       = {http://gcn.gsfc.nasa.gov/}
}

@online{LIGOweb,
  cited     = {15 January 2000},
  format    = {project homepage},
  keywords  = {Gravitational radiation, Gravitational wave detectors, Interferometry},
  publisher = {California Institute of Technology},
  title     = {LIGO Laboratory Home Page},
  url       = {http://www.ligo.caltech.edu}
}

@online{AdvLIGOweb,
  cited     = {19 November 2008},
  format    = {project homepage},
  keywords  = {Gravitational radiation, Gravitational wave detectors, Interferometry},
  publisher = {California Institute of Technology},
  title     = {Advanced LIGO},
  url       = {http://www.ligo.caltech.edu/advLIGO/}
}

@online{LSCweb,
  cited     = {21 January 2008},
  format    = {project homepage},
  keywords  = {Gravitational radiation, Gravitational wave detectors},
  publisher = {California Institute of Technology},
  title     = {LIGO Scientific Collaboration Home Page},
  url       = {http://www.ligo.org}
}

@online{VIRGOweb,
  cited     = {15 January 2000},
  format    = {project homepage},
  keywords  = {Gravitational radiation, Gravitational wave detectors, Interferometry},
  publisher = {INFN},
  title     = {The Virgo Project},
  url       = {http://www.virgo.infn.it}
}

@online{GEOweb,
  cited     = {14 January 2008},
  format    = {project homepage},
  keywords  = {Gravitational radiation, Gravitational wave detectors, Interferometry},
  publisher = {Hannover University},
  title     = {GEO 600 home page},
  url       = {http://geo600.aei.mpg.de}
}

@online{TAMAweb,
  cited     = {15 January 2000},
  format    = {project homepage},
  keywords  = {Gravitational radiation, Gravitational wave detectors, Interferometry},
  publisher = {National Astronomical Observatory},
  title     = {TAMA Project},
  url       = {http://tamago.mtk.nao.ac.jp}
}

@online{confs,
  cited     = {8 December 2010},
  keywords  = {Gravitational radiation, Gravitational wave detectors},
  title     = {GWIC sponsored conferences},
  publisher = {GWIC - The Gravitational Wave International Committee},
  url       = {http://gwic.ligo.org/conferences/}
}

@online{NASAweb,
  cited     = {15 January 2000},
  format    = {project homepage},
  keywords  = {Gravitational radiation, Gravitational wave detectors, Space missions},
  publisher = {Jet Propulsion Laboratory/NASA},
  title     = {LISA Home Page (NASA)},
  url       = {http://lisa.jpl.nasa.gov},
  year      = {1999}
}

@online{CLIOweb,
  cited = {5 January 2009},
  format    = {project homepage},
  keywords  = {Gravitational radiation, Gravitational wave detectors,
Interferometry},
  publisher = {University of Tokyo},
  title = {ICRR GW group homepage},
  url = {http://www.icrr.u-tokyo.ac.jp/gr/gre.html}
}

@online{ESAweb,
  cited     = {14 January 2008},
  format    = {project homepage},
  keywords  = {Gravitational radiation, Gravitational wave detectors, Space missions},
  publisher = {European Space Agency},
  title     = {LISA Home Page (ESA)},
  url       = {http://sci.esa.int/home/lisa},
  year      = {1998}
}

@online{NCSA,
  cited     = {15 January 2000},
  format    = {other},
  keywords  = {Gravitational radiation, Gravitational wave detectors, Interferometry},
  month     = {November},
  publisher = {NCSA/University of Illinois},
  title     = {Ripples in Spacetime},
  url       = {http://www.ncsa.uiuc.edu/Cyberia/NumRel/GravWaves.html},
  year      = {1995}
}

@online{AURIGA,
  cited     = {14 January 2008},
  format    = {project homepage},
  keywords  = {Gravitational radiation, Gravitational wave detectors, bar
detectors},
  publisher = {INFN},
  title     = {AURIGA Home Page},
  url       = {http://www.auriga.lnl.infn.it}
}

@online{NAUTILUS,
  cited     = {14 January 2008},
  format    = {project homepage},
  keywords  = {Gravitational radiation, Gravitational wave detectors, bar
detectors},
  publisher = {INFN},
  title     = {The NAUTILUS Gravitational Wave Antenna},
  url       = {http://www.roma1.infn.it/rog/}
}

@online{MiniGRAIL,
  cited     = {14 January 2008},
  format    = {project homepage},
  keywords  = {Gravitational radiation, Gravitational wave detectors, bar
detectors},
  title     = {MiniGRAIL, the first spherical gravitational wave detector},
  url       = {http://www.minigrail.nl/}
}

@article{Gottardi:2007,
   author = {{Gottardi}, L. and {de Waard}, A. and {Usenko}, O. and {Frossati},
G. and	{Podt}, M. and {Flokstra}, J. and {Bassan}, M. and {Fafone}, V. and
{Minenkov}, Y. and {Rocchi}, A.},
    title = "{Sensitivity of the spherical gravitational wave detector MiniGRAIL
operating at 5K}",
  journal = {Phys. Rev. D},
   eprint = {arXiv:0705.0122},
     year = 2007,
    month = nov,
   volume = 76,
   number = 10,
    pages = {102005},
}

@online{Schenberg,
  cited     = {14 January 2008},
  format    = {project homepage},
  keywords  = {Gravitational radiation, Gravitational wave detectors, bar detectors},
  title     = {Graviton Group},
  url       = {http://www.das.inpe.br/graviton/index.html}
}

@online{GEOcurves,
  cited     = {22 January 2008},
  format    = {project homepage},
  keywords  = {Gravitational radiation, Gravitational wave detectors, GEO600},
  title     = {GEO600 Sensitivity Curves},
  url       = {http://www.geo600.uni-hannover.de/geocurves/}
}

@online{LIGOcurves,
  cited     = {22 January 2008},
  format    = {project homepage},
  keywords  = {Gravitational radiation, Gravitational wave detectors, LIGO},
  title     = {LIGO Laboratory Home Page for Interferometer Sensitivities},
  url       = {http://www.ligo.caltech.edu/~jzweizig/distribution/LSC_Data/}
}

@online{AdvVirgoweb,
  cited     = {19 November 2008},
  format    = {project homepage},
  keywords  = {Gravitational radiation, Gravitational wave detectors, Advanced Virgo},
  title     = {Advanced Virgo},
  publisher = {INFN},
  url       = {http://wwwcascina.virgo.infn.it/advirgo/index.html}
}

@online{VIRGOcurves,
  cited     = {25 January 2008},
  format    = {project homepage},
  keywords  = {Gravitational radiation, Gravitational wave detectors, VIRGO},
  title     = {Virgo Sensitivity Curves},
  url       = {http://wwwcascina.virgo.infn.it/DataAnalysis/Calibration/Sensitivity/index.html}
}

@online{eath,
  cited     = {3 October 2008},
  format    = {project homepage},
  keywords  = {Gravitational radiation},
  title     = {Einstein@home},
  url       = {http://einstein.phys.uwm.edu}
}

@online{eathS3,
  author    = {The LIGO Scientific Collaboration},
  year      = 2005,
  cited     = {3 October 2008},
  format    = {project homepage},
  keywords  = {Gravitational radiation},
  title     = {Einstein@home S3 analysis summary},
  url       =
{http://einstein.phys.uwm.edu/FinalS3Results/einstein_writeup.html}
}

@online{BOINC,
  cited    = {3 October 2008},
  format   = {project homepage},
  title    = {BOINC},
  url      = {http://boinc.berkeley.edu}
}

@article{Aguiar:2006,
   author = {{Aguiar}, O.~D. and {Andrade}, L.~A. and {Barroso}, J.~J. and
{Bortoli}, F. and {Carneiro}, L.~A. and {Castro}, P.~J. and {Costa}, C.~A.
and {Costa}, K.~M.~F. and {de Araujo}, J.~C.~N. and {de Lucena}, A.~U. and
{de Paula}, W. and {de Rey Neto}, E.~C. and {de Souza}, S.~T. and {Fauth},
A.~C. and {Frajuca}, C. and {Frossati}, G. and {Furtado}, S.~R. and
{Magalh{\~a}es}, N.~S. and {Marinho}, Jr., R.~M. and {Melo}, J.~L. and
{Miranda}, O.~D. and {Oliveira}, Jr., N.~F. and {Ribeiro}, K.~L. and {Stellati},
C. and {Velloso}, Jr., W.~F. and {Weber}, J.},
    title = "{The Brazilian gravitational wave detector Mario Schenberg: status
report}",
  journal = {Class. Quantum Grav.},
     year = 2006,
    month = apr,
   volume = 23,
    pages = {239},
}

@article{LIGOS5,
   author = {{The LIGO Scientific Collaboration}},
    title = "{LIGO: The Laser Interferometer Gravitational-Wave Observatory}",
  journal = {Reports on Progress in Physics},
     year = 2009,
    month = jul,
   volume = 72,
   number = 7,
    pages = {076901-+},
      doi = {10.1088/0034-4885/72/7/076901}
}

@ARTICLE{Papa:2008,
   author = {{Alessandra Papa}, M.},
    title = "{Progress towards gravitational-wave astronomy}",
  journal = {Class. Quantum Grav.},
archivePrefix = "arXiv",
   eprint = {0802.0936},
     year = 2008,
    month = jun,
   volume = 25,
   number = 11,
    pages = {114009},
      doi = {10.1088/0264-9381/25/11/114009}
}


@article{TAMAStatus,
   author = {{Ando}, M. and {the TAMA collaboration}},
    title = "{Current status of TAMA}",
  journal = {Class. Quantum Grav.},
     year = 2002,
    month = apr,
   volume = 19,
    pages = {1409-1419}
}

@inproceedings{Arai:2003,
   author = {{Arai}, K. and {TAMA Collaboration}},
    title = "{Report on the Observation Run of TAMA300 in the Spring of 2003}",
booktitle = {International Cosmic Ray Conference},
     year = 2003,
   series = {International Cosmic Ray Conference},
   volume = 5,
    month = jul,
    pages = {3085}
}

@ARTICLE{Acernese:2007,
   author = {{Acernese}, F. and {Amico}, P. and {Alshourbagy}, M. and {Antonucci}, F. and
	{Aoudia}, S. and {Astone}, P. and {Avino}, S. and {Babusci}, D. and
	{Ballardin}, G. and {Barone}, F. and {Barsotti}, L. and {Barsuglia}, M. and
	{Beauville}, F. and {Bigotta}, S. and {Birindelli}, S. and {Bizouard}, M.~A. and
	{Boccara}, C. and {Bondu}, F. and {Bosi}, L. and {Bradaschia}, C. and
	{Braccini}, S. and {Brillet}, A. and {Brisson}, V. and {Buskulic}, D. and
	{Calloni}, E. and {Campagna}, E. and {Carbognani}, F. and {Cavalier}, F. and
	{Cavalieri}, R. and {Cella}, G. and {Cesarini}, E. and {Chassande-Mottin}, E. and
	{Christensen}, N. and {Corda}, C. and {Corsi}, A. and {Cottone}, F. and
	{Clapson}, A.-C. and {Cleva}, F. and {Coulon}, J.-P. and {Cuoco}, E. and
	{Dari}, A. and {Dattilo}, V. and {Davier}, M. and {del Prete}, M. and
	{DeRosa}, R. and {Di Fiore}, L. and {Di Virgilio}, A. and {Dujardin}, B. and
	{Eleuteri}, A. and {Ferrante}, I. and {Fidecaro}, F. and {Fiori}, I. and
	{Flaminio}, R. and {Fournier}, J.-D. and {Frasca}, S. and {Frasconi}, F. and
	{Gammaitoni}, L. and {Garufi}, F. and {Genin}, E. and {Gennai}, A. and
	{Giazotto}, A. and {Giordano}, G. and {Giordano}, L. and {Gouaty}, R. and
	{Grosjean}, D. and {Guidi}, G. and {Hebri}, S. and {Heitmann}, H. and
	{Hello}, P. and {Karkar}, S. and {Kreckelbergh}, S. and {La Penna}, P. and
	{Laval}, M. and {Leroy}, N. and {Letendre}, N. and {Lopez}, B. and
	{Lorenzini}, M. and {Loriette}, V. and {Losurdo}, G. and {Mackowski}, J.-M. and
	{Majorana}, E. and {Man}, C.~N. and {Mantovani}, M. and {Marchesoni}, F. and
	{Marion}, F. and {Marque}, J. and {Martelli}, F. and {Masserot}, A. and
	{Mazzoni}, M. and {Milano}, L. and {Menzinger}, F. and {Moins}, C. and
	{Moreau}, J. and {Morgado}, N. and {Mours}, B. and {Nocera}, F. and
	{Palomba}, C. and {Paoletti}, F. and {Pardi}, S. and {Pasqualetti}, A. and
	{Passaquieti}, R. and {Passuello}, D. and {Piergiovanni}, F. and
	{Pinard}, L. and {Poggiani}, R. and {Punturo}, M. and {Puppo}, P. and
	{Qipiani}, K. and {Rapagnani}, P. and {Reita}, V. and {Remillieux}, A. and
	{Ricci}, F. and {Ricciardi}, I. and {Ruggi}, P. and {Russo}, G. and
	{Solimeno}, S. and {Spallicci}, A. and {Tarallo}, M. and {Tonelli}, M. and
	{Toncelli}, A. and {Tournefier}, E. and {Travasso}, F. and {Tremola}, C. and
	{Vajente}, G. and {Verkindt}, D. and {Vetrano}, F. and {Vicer{\'e}}, A. and
	{Vinet}, J.-Y. and {Vocca}, H. and {Yvert}, M.},
    title = "{Status of Virgo detector}",
  journal = {Class. Quantum Grav.},
     year = 2007,
    month = oct,
   volume = 24,
    pages = {381},
      doi = {10.1088/0264-9381/24/19/S01}
}

@article{Ando:2001,
   author = {{Ando}, M. and {Arai}, K. and {Takahashi}, R. and {Heinzel}, G.
and {Kawamura}, S. and {Tatsumi}, D. and {Kanda}, N. and {Tagoshi}, H. and
{Araya}, A. and {Asada}, H. and {Aso}, Y. and {Barton}, M.~A. and {Fujimoto},
M.-K. and {Fukushima}, M. and {Futamase}, T. and {Hayama}, K. and
{Horikoshi}, G. and {Ishizuka}, H. and {Kamikubota}, N. and {Kawabe}, K. and
{Kawashima}, N. and {Kobayashi}, Y. and {Kojima}, Y. and {Kondo}, K. and
{Kozai}, Y. and {Kuroda}, K. and {Matsuda}, N. and {Mio}, N. and {Miura},
K. and {Miyakawa}, O. and {Miyama}, S.~M. and {Miyoki}, S. and {Moriwaki}, S.
and {Musha}, M. and {Nagano}, S. and {Nakagawa}, K.-I. and {Nakamura}, T. and
{Nakao}, K.-I. and {Numata}, K. and {Ogawa}, Y. and {Ohashi}, M. and
{Ohishi}, N. and {Okutomi}, S. and {Oohara}, K.-I. and {Otsuka}, S. and
{Saito}, Y. and {Sasaki}, M. and {Sato}, S. and {Sekiya}, A. and
{Shibata}, M. and {Somiya}, K. and {Suzuki}, T. and {Takamori}, A. and
{Tanaka}, T. and {Taniguchi}, S. and {Telada}, S. and {Tochikubo}, K. and
{Tomaru}, T. and {Tsubono}, K. and {Tsuda}, N. and {Uchiyama}, T. and
{Ueda}, A. and {Ueda}, K.-I. and {Waseda}, K. and {Watanabe}, Y. and {Yakura},
H. and {Yamamoto}, K. and {Yamazaki}, T.},
    title = "{Stable Operation of a 300-m Laser Interferometer with Sufficient
Sensitivity to Detect Gravitational-Wave Events within Our Galaxy}",
  journal = {Phys. Rev. Lett.},
   eprint = {arXiv:astro-ph/0105473},
     year = 2001,
    month = apr,
   volume = 86,
    pages = {3950-3954}
}

@article{Akutsu:2006,
   author = {{Akutsu}, T. and {Akutsu}, T. and {Ando}, M. and {Arai}, K. and
{Araya}, A. and {Asada}, H. and {Aso}, Y. and {Barton}, M.~A. and {Beyersdorf},
P. and {Fujiki}, Y. and {Fujimoto}, M.-K. and {Fujita}, R. and {Fukushima}, M.
and {Futamase}, T. and {Hamuro}, Y. and {Haruyama}, T. and {Hayakawa}, H. and
{Hayama}, K. and {Heinzel}, G. and {Horikoshi}, G. and {Iguchi}, H. and
{Iida}, Y. and {Ioka}, K. and {Ishitsuka}, H. and {Kamikubota}, N. and
{Kanda}, N. and {Kaneyama}, T. and {Karasawa}, Y. and {Kasahara}, K. and
{Kasai}, T. and {Katsuki}, M. and {Kawabe}, K. and {Kawamura}, M. and
{Kawamura}, S. and {Kawashima}, N. and {Kawazoe}, F. and {Kojima}, Y. and
{Kokeyama}, K. and {Kondo}, K. and {Kozai}, Y. and {Kudoh}, H. and
{Kuroda}, K. and {Kuwabara}, T. and {Matsuda}, N. and {Mio}, N. and {Miura},
K. and {Miyakawa}, O. and {Miyama}, S. and {Miyoki}, S. and {Mizusawa}, H.
and {Moriwaki}, S. and {Musha}, M. and {Nagano}, S. and {Nagayama}, Y. and
{Nakagawa}, K. and {Nakamura}, T. and {Nakano}, H. and {Nakao}, K.-I. and
{Nishi}, Y. and {Numata}, K. and {Ogawa}, Y. and {Ohashi}, M. and {Ohishi}, N.
and {Okutomi}, A. and {Oohara}, K.-I. and {Otsuka}, S. and {Sago}, N. and
{Saito}, Y. and {Sakata}, S. and {Sasaki}, M. and {Sato}, K. and {Sato},
N. and {Sato}, S. and {Sato}, Y. and {Seki}, H. and {Sekido}, A. and {Seto},
N. and {Shibata}, M. and {Shinkai}, H. and {Shintomi}, T. and {Soida}, K.
and {Somiya}, K. and {Suzuki}, T. and {Tagoshi}, H. and {Takahashi}, H. and
{Takahashi}, R. and {Takamori}, A. and {Takemoto}, S. and {Takeno}, K. and
{Tanaka}, T. and {Taniguchi}, K. and {Taniguchi}, S. and {Tanji}, T. and
{Tatsumi}, D. and {Taylor}, C.~T. and {Telada}, S. and {Tochikubo}, K. and
{Tokunari}, M. and {Tomaru}, T. and {Tsubono}, K. and {Tsuda}, N. and
{Tsunesada}, Y. and {Uchiyama}, T. and {Ueda}, A. and {Ueda}, K.-I. and {Usui},
F. and {Waseda}, K. and {Watanabe}, Y. and {Yakura}, H. and {Yamamoto}, A. and
{Yamamoto}, K. and {Yamazaki}, T. and {Yanagi}, Y. and {Yoda}, T. and
{Yokoyama}, J. and {Yoshida}, T. and {Zhu}, Z.-H.},
    title = "{Results of the search for inspiraling compact star binaries from
TAMA300's observation in 2000 2004}",
  journal = {Phys. Rev. D},
     year = 2006,
    month = dec,
   volume = 74,
   number = 12,
    pages = {122002},
      doi = {10.1103/PhysRevD.74.122002}
}

@ARTICLE{Abbott:2004a,
   author = {Abbott, B. et~al. (LIGO Scientific Collaboration)},
    title = "{Detector description and performance for the first coincidence
observations between
LIGO and GEO}",
  journal = {Nucl. Instrum. Methods A},
     year = 2004,
    month = jan,
   volume = 517,
    pages = {154-179},
      doi = {10.1016/S0168-9002(03)02867-5}
}

@techreport{LIGOSRD,
  author = {{Lazzarini}, A. and {Weiss}, R.},
    year = {1996},
     url = {http://www.ligo.caltech.edu/docs/E/E950018-02.pdf},
organization = {LIGO},
   title = {LIGO Science Requirements Document (SRD)},
 address = {California Institute of Technology and Massachusetts Institute of Technology},
keywords = {Gravitational radiation, LIGO},
   cited = {16 January 2008},
      id = {LIGO-E950018-02}
}

@article{Abbott:2005a,
   author = {Abbott, B. et~al. (LIGO Scientific Collaboration)},
    title = "{Upper limits on gravitational wave bursts in LIGO's second science
run}",
  journal = {Phys. Rev. D},
     year = 2005,
    month = {September},
   volume = 72,
   number = 6,
    pages = {062001},
 keywords = {Gravitational radiation, bursts, LIGO}
}

@ARTICLE{Abbott:2005b,
   author = {Abbott, B. et~al. (LIGO Scientific Collaboration)},
    title = "{Search for gravitational waves from galactic and extra-galactic
binary neutron
stars}",
  journal = {Phys. Rev. D},
     year = 2005,
    month = oct,
   volume = 72,
   number = 8,
    pages = {082001},
      doi = {10.1103/PhysRevD.72.082001}
}

@ARTICLE{Abbott:2005c,
   author = {Abbott, B. et~al. (LIGO Scientific Collaboration and the TAMA Collaboration)},
    title = "{Upper limits from the LIGO and TAMA detectors on the rate of
gravitational-wave
bursts}",
  journal = {Phys. Rev. D},
     year = 2005,
    month = dec,
   volume = 72,
   number = 12,
    pages = {122004},
      doi = {10.1103/PhysRevD.72.122004}
}

@ARTICLE{Abbott:2005d,
   author = {Abbott, B. et~al. (LIGO Scientific Collaboration)},
    title = "{Search for gravitational waves associated with the gamma ray burst
GRB030329 using the LIGO detectors}",
  journal = {Phys. Rev. D},
   eprint = {arXiv:gr-qc/0501068},
     year = 2005,
    month = aug,
   volume = 72,
   number = 4,
    pages = {042002},
      doi = {10.1103/PhysRevD.72.042002}
}

@ARTICLE{Abbott:2005e,
   author = {Abbott, B. et~al. (LIGO Scientific Collaboration)},
    title = "{Search for gravitational waves from primordial black hole binary
coalescences in the galactic halo}",
  journal = {Phys. Rev. D},
   eprint = {arXiv:gr-qc/0505042},
     year = 2005,
    month = oct,
   volume = 72,
   number = 8,
    pages = {082002},
      doi = {10.1103/PhysRevD.72.082002}
}

@ARTICLE{Abbott:2005f,
   author = {{Abbott, B. et~al. (LIGO Scientific Collaboration)} and {Kramer}, M. and {Lyne},
A.~G.},
    title = "{Limits on Gravitational-Wave Emission from Selected Pulsars Using
LIGO Data}",
  journal = {Phys. Rev. Lett.},
   eprint = {arXiv:gr-qc/0410007},
     year = 2005,
    month = may,
   volume = 94,
   number = 18,
    pages = {181103},
      doi = {10.1103/PhysRevLett.94.181103}
}

@ARTICLE{Abbott:2005g,
   author = {Abbott, B. et~al. (LIGO Scientific Collaboration)},
    title = "{First all-sky upper limits from LIGO on the strength of periodic
gravitational waves using the Hough transform}",
  journal = {Phys. Rev. D},
   eprint = {arXiv:gr-qc/0508065},
     year = 2005,
    month = nov,
   volume = 72,
   number = 10,
    pages = {102004},
      doi = {10.1103/PhysRevD.72.102004}
}

@ARTICLE{Abbott:2005h,
   author = {Abbott, B. et~al. (LIGO Scientific Collaboration)},
    title = "{Upper Limits on a Stochastic Background of Gravitational Waves}",
  journal = {Phys. Rev. Lett.},
   eprint = {arXiv:astro-ph/0507254},
     year = 2005,
    month = nov,
   volume = 95,
   number = 22,
    pages = {221101},
      doi = {10.1103/PhysRevLett.95.221101}
}

@article{Smith:2004,
   author = {{Smith}, J.~R. and {Allen}, B. and {Aufmuth}, P. and {Aulbert}, C. and
	{Babak}, S. and {Balasubramanian}, R. and {Barr}, B.~W. and
	{Berukoff}, S. and {Bunkowski}, A. and {Cagnoli}, G. and {Cantley}, C.~A. and
	{Casey}, M.~M. and {Chelkowski}, S. and {Churches}, D. and {Cokelaer}, T. and
	{Colacino}, C.~N. and {Crooks}, D.~R.~M. and {Cutler}, C. and
	{Danzmann}, K. and {Davies}, R. and {Dupuis}, R.~J. and {Elliffe}, E. and
	{Fallnich}, C. and {Franzen}, A. and {Freise}, A. and {Go{\ss}ler}, S. and
	{Grant}, A. and {Grote}, H. and {Grunewald}, S. and {Harms}, J. and
	{Heinzel}, G. and {Heng}, I.~S. and {Hepstonstall}, A. and {Heurs}, M. and
	{Hewitson}, M. and {Hild}, S. and {Hough}, J. and {Itoh}, Y. and
	{Jones}, R. and {Huttner}, S.~H. and {Kawabe}, K. and {Killow}, C. and
	{K{\"o}tter}, K. and {Krishnan}, B. and {Leonhardt}, V. and
	{L{\"u}ck}, H. and {Machenschalk}, B. and {Malec}, M. and {Mercer}, R.~A. and
	{Messenger}, C. and {Mohanty}, S. and {Mossavi}, K. and {Mukherjee}, S. and
	{Murray}, P. and {Nagano}, S. and {Newton}, G.~P. and {Papa}, M.~A. and
	{Perreur-Lloyd}, M. and {Pitkin}, M. and {Plissi}, M.~V. and
	{Quetschke}, V. and {Re}, V. and {Reid}, S. and {Ribichini}, L. and
	{Robertson}, D.~I. and {Robertson}, N.~A. and {Romano}, J.~D. and
	{Rowan}, S. and {R{\"u}diger}, A. and {Sathyaprakash}, B.~S. and
	{Schilling}, R. and {Schnabel}, R. and {Schutz}, B.~F. and {Seifert}, F. and
	{Sintes}, A.~M. and {Sneddon}, P.~H. and {Strain}, K.~A. and
	{Taylor}, I. and {Taylor}, R. and {Th{\"u}ring}, A. and {Ungarelli}, C. and
	{Vahlbruch}, H. and {Vecchio}, A. and {Veitch}, J. and {Ward}, H. and
	{Weiland}, U. and {Welling}, H. and {Williams}, P. and {Willke}, B. and
	{Winkler}, W. and {Woan}, G. and {Zawischa}, I.},
    title = "{Commissioning, characterization and operation of the dual-recycled GEO 600}",
  journal = {Class. Quantum Grav.},
     year = 2004,
    month = oct,
   volume = 21,
    pages = {1737},
      doi = {10.1088/0264-9381/21/20/016}
}

@article{Hild:2006a,
   author = {{Hild}, S. and {Grote}, H. and {Smith}, J.~R. and {Hewitson}, M. and
	{the GEO600-team}}
	},
    title = "{Towards gravitational wave astronomy: Commissioning and characterization of GEO600}",
  journal = {J. Phys. Conference Series},
     year = 2006,
    month = mar,
   volume = 32,
    pages = {66-73},
      doi = {10.1088/1742-6596/32/1/011}
}

@article{Hild:2006b,
   author = {{Hild}, S. and {the LIGO Scientific Collaboration}},
    title = "{The status of GEO 600}",
  journal = {Class. Quantum Grav.},
     year = 2006,
    month = oct,
   volume = 23,
    pages = {643},
      doi = {10.1088/0264-9381/23/19/S02}
}
@techreport{Sutton:2003,
  author = {Sutton, P.},
    year = {2003},
     url = {http://www.ligo.caltech.edu/docs/T/T030276-00.pdf},
organization = {LIGO},
   title = {S3 Performance of the LIGO Interferometers as Measured by SenseMonitor},
 address = {California Institute of Technology and Massachusetts Institute of Technology},
keywords = {Gravitational radiation, LIGO},
   cited = {16 January 2008},
      id = {LIGO-T030276-00-Z}
}

@article{Hewitson:2003,
   author = {{Hewitson}, M. and {Aufmuth}, P. and {Aulbert}, C. and {Babak}, S. and
	{Balasubramanian}, R. and {Barr}, B.~W. and {Berukoff}, S. and
	{Cagnoli}, G. and {Cantley}, C.~A. and {Casey}, M.~M. and {Chelkowski}, S. and
	{Churches}, D. and {Colacino}, C.~N. and {Crooks}, D.~R.~M. and
	{Cutler}, C. and {Danzmann}, K. and {Davies}, R. and {Dupuis}, R. and
	{Elliffe}, E. and {Fallnich}, C. and {Freise}, A. and {Go{\ss}ler}, S. and
	{Grant}, A. and {Grote}, H. and {Grunewald}, S. and {Harms}, J. and
	{Heinzel}, G. and {Heng}, S. and {Hepstonstall}, A. and {Heurs}, M. and
	{Hough}, J. and {Itoh}, Y. and {Jennrich}, O. and {Jones}, R. and
	{Hutter}, S. and {Kawabe}, K. and {Killow}, C. and {K{\"o}tter}, K. and
	{Krishnan}, B. and {Leonhardt}, V. and {L{\"u}ck}, H. and {Machenschalk}, B. and
	{Malec}, M. and {Mossavi}, K. and {Mohanty}, S. and {Mukherjee}, S. and
	{Nagano}, S. and {Newton}, G.~P. and {Papa}, M.~A. and {Perreur-Lloyd}, M. and
	{Pitkin}, M. and {Plissi}, M.~V. and {Quetschke}, V. and {Reid}, S. and
	{Ribichini}, L. and {Robertson}, D.~I. and {Robertson}, N.~A. and
	{Rowan}, S. and {R{\"u}diger}, A. and {Sathyaprakash}, B.~S. and
	{Schilling}, R. and {Schnabel}, R. and {Schutz}, B.~F. and {Seifert}, F. and
	{Sintes}, A.~M. and {Smith}, J. and {Sneddon}, P. and {Strain}, K.~A. and
	{Taylor}, I. and {Torrie}, C.~I. and {Vecchio}, A. and {Ward}, H. and
	{Weiland}, U. and {Welling}, H. and {Williams}, P. and {Willke}, B. and
	{Winkler}, W. and {Woan}, G. and {Zawischa}, I.},
    title = "{A report on the status of the GEO 600 gravitational wave detector}",
  journal = {Class. Quantum Grav.},
     year = 2003,
    month = sep,
   volume = 20,
    pages = {581},
      doi = {10.1088/0264-9381/20/17/301}
}

@article{Willke:2004,
   author = {{Willke}, B. and {Aufmuth}, P. and {Aulbert}, C. and {Babak}, S. and
	{Balasubramanian}, R. and {Barr}, B.~W. and {Berukoff}, S. and
	{Cagnoli}, G. and {Cantley}, C.~A. and {Casey}, M.~M. and {Chelkowski}, S. and
	{Churches}, D. and {Colacino}, C.~N. and {Crooks}, D.~R.~M. and
	{Cutler}, C. and {Danzmann}, K. and {Davies}, R. and {Dupuis}, R.~J. and
	{Elliffe}, E. and {Fallnich}, C. and {Freise}, A. and {Go{\ss}ler}, S. and
	{Grant}, A. and {Grote}, H. and {Grunewald}, S. and {Harms}, J. and
	{Heinzel}, G. and {Heng}, I.~S. and {Hepstonstall}, A. and {Heurs}, M. and
	{Hewitson}, M. and {Hild}, S. and {Hough}, J. and {Ingley}, R. and
	{Itoh}, Y. and {Jennrich}, O. and {Jones}, R. and {Hutter}, S.~H. and
	{Kawabe}, K. and {Killow}, C. and {K{\"o}tter}, K. and {Krishnan}, B. and
	{Leonhardt}, V. and {L{\"u}ck}, H. and {Machenschalk}, B. and
	{Malec}, M. and {Mercer}, R.~A. and {Messenger}, C. and {Mohanty}, S. and
	{Mossavi}, K. and {Mukherjee}, S. and {Nagano}, S. and {Newton}, G.~P. and
	{Papa}, M.~A. and {Perreur-Lloyd}, M. and {Pitkin}, M. and {Plissi}, M.~V. and
	{Quetschke}, V. and {Re}, V. and {Reid}, S. and {Ribichini}, L. and
	{Robertson}, D.~I. and {Robertson}, N.~A. and {Rowan}, S. and
	{R{\"u}diger}, A. and {Sathyaprakash}, B.~S. and {Schilling}, R. and
	{Schnabel}, R. and {Schutz}, B.~F. and {Seifert}, F. and {Sintes}, A.~M. and
	{Smith}, J.~R. and {Sneddon}, P.~H. and {Strain}, K.~A. and
	{Taylor}, I. and {Torrie}, C.~I. and {Ungarelli}, C. and {Vecchio}, A. and
	{Ward}, H. and {Weiland}, U. and {Welling}, H. and {Williams}, P. and
	{Winkler}, W. and {Woan}, G. and {Zawischa}, I.},
    title = "{Status of GEO 600}",
  journal = {Class. Quantum Grav.},
     year = 2004,
    month = mar,
   volume = 21,
    pages = {417},
      doi = {10.1088/0264-9381/21/5/006}
}

@article{Grote:2005,
   author = {{Grote}, H. and {Allen}, B. and {Aufmuth}, P. and {Aulbert}, C. and
	{Babak}, S. and {Balasubramanian}, R. and {Barr}, B.~W. and
	{Berukoff}, S. and {Bunkowski}, A. and {Cagnoli}, G. and {Cantley}, C.~A. and
	{Casey}, M.~M. and {Chelkowski}, S. and {Churches}, D. and {Cokelaer}, T. and
	{Colacino}, C.~N. and {Crooks}, D.~R.~M. and {Cutler}, C. and
	{Danzmann}, K. and {Davies}, R. and {Dupuis}, R.~J. and {Elliffe}, E. and
	{Fallnich}, C. and {Franzen}, A. and {Freise}, A. and {Go{\ss}ler}, S. and
	{Grant}, A. and {Grunewald}, S. and {Harms}, J. and {Heinzel}, G. and
	{Heng}, I.~S. and {Hepstonstall}, A. and {Heurs}, M. and {Hewitson}, M. and
	{Hild}, S. and {Hough}, J. and {Itoh}, Y. and {Jones}, R. and
	{Huttner}, S.~H. and {Kawabe}, K. and {Killow}, C. and {K{\"o}tter}, K. and
	{Krishnan}, B. and {Leonhardt}, V. and {L{\"u}ck}, H. and {Machenschalk}, B. and
	{Malec}, M. and {Mercer}, R.~A. and {Messenger}, C. and {Mohanty}, S. and
	{Mossavi}, K. and {Mukherjee}, S. and {Murray}, P. and {Nagano}, S. and
	{Newton}, G.~P. and {Papa}, M.~A. and {Perreur-Lloyd}, M. and
	{Pitkin}, M. and {Plissi}, M.~V. and {Quetschke}, V. and {Re}, V. and
	{Reid}, S. and {Ribichini}, L. and {Robertson}, D.~I. and {Robertson}, N.~A. and
	{Romano}, J.~D. and {Rowan}, S. and {R{\"u}diger}, A. and {Sathyaprakash}, B.~S. and
	{Schilling}, R. and {Schnabel}, R. and {Schutz}, B.~F. and {Seifert}, F. and
	{Sintes}, A.~M. and {Smith}, J.~R. and {Sneddon}, P.~H. and
	{Strain}, K.~A. and {Taylor}, I. and {Taylor}, R. and {Th{\"u}ring}, A. and
	{Ungarelli}, C. and {Vahlbruch}, H. and {Vecchio}, A. and {Veitch}, J. and
	{Ward}, H. and {Weiland}, U. and {Welling}, H. and {Williams}, P. and
	{Willke}, B. and {Winkler}, W. and {Woan}, G. and {Zawischa}, I.
	},
    title = "{The status of GEO 600}",
  journal = {Class. Quantum Grav.},
     year = 2005,
    month = may,
   volume = 22,
    pages = {193},
      doi = {10.1088/0264-9381/22/10/009}
}

@article{Willke:2007,
   author = {{Willke}, B. and {the LIGO Scientific Collaboration}},
    title = "{GEO600: status and plans}",
  journal = {Class. Quantum Grav.},
     year = 2007,
    month = oct,
   volume = 24,
    pages = {389},
      doi = {10.1088/0264-9381/24/19/S02}
}

@ARTICLE{Kalogera:2004a,
   author = {{Kalogera}, V. and {Kim}, C. and {Lorimer}, D.~R. and {Burgay}, M. and
	{D'Amico}, N. and {Possenti}, A. and {Manchester}, R.~N. and
	{Lyne}, A.~G. and {Joshi}, B.~C. and {McLaughlin}, M.~A. and
	{Kramer}, M. and {Sarkissian}, J.~M. and {Camilo}, F.},
    title = "{The Cosmic Coalescence Rates for Double Neutron Star Binaries}",
  journal = {Astrophys. J. Lett.},
 keywords = {Stars: Binaries: Close, Gravitational Waves, Methods: Statistical, Stars: Neutron},
     year = 2004,
    month = feb,
   volume = 601,
    pages = {L179-L182},
      doi = {10.1086/382155}
}

@ARTICLE{Kalogera:2004b,
   author = {{Kalogera}, V. and {Kim}, C. and {Lorimer}, D.~R. and {Burgay}, M. and
	{D'Amico}, N. and {Possenti}, A. and {Manchester}, R.~N. and
	{Lyne}, A.~G. and {Joshi}, B.~C. and {McLaughlin}, M.~A. and
	{Kramer}, M. and {Sarkissian}, J.~M. and {Camilo}, F.},
    title = "{Erratum: ``The Cosmic Coalescence Rates for Double Neutron Star Binaries''}",
  journal = {Astrophys. J. Lett.},
   eprint = {arXiv:astro-ph/0312101},
 keywords = {Errata, Addenda},
     year = 2004,
    month = oct,
   volume = 614,
    pages = {L137-L138},
      doi = {10.1086/425868}
}

@ARTICLE{OShaughnessy:2005,
   author = {{O'Shaughnessy}, R. and {Kim}, C. and {Fragos}, T. and {Kalogera}, V. and
	{Belczynski}, K.},
    title = "{Constraining Population Synthesis Models via the Binary Neutron Star Population}",
  journal = {Astrophys. J.},
   eprint = {arXiv:astro-ph/0504479},
 keywords = {Stars: Binaries: Close, Black Hole Physics, Stars: Evolution, Stars: Neutron, Stars: Winds, Outflows},
     year = 2005,
    month = nov,
   volume = 633,
    pages = {1076-1084},
      doi = {10.1086/468180}
}

@ARTICLE{OShaughnessy:2008,
   author = {{O'Shaughnessy}, R. and {Kim}, C. and {Kalogera}, V. and {Belczynski}, K.
	},
    title = "{Constraining Population Synthesis Models via Empirical Binary Compact Object Merger and Supernova Rates}",
  journal = {Astrophys. J.},
 keywords = {Stars: Binaries: Close, Black Hole Physics, Stars: Evolution, Stars: Neutron},
     year = 2008,
    month = jan,
   volume = 672,
    pages = {479-488},
      doi = {10.1086/523620}
}

@inproceedings{Acernese:2004,
   author = {{Acernese}, F. and {Amico}, P. and {Arnaud}, N. and {Avino}, S. and
	{Babusci}, D. and {Barill{\'e}}, R. and {Barone}, F. and {Barsotti}, L. and
	{Barsuglia}, M. and {Beauville}, F. and {Bizouard}, M.~A. and
	{Boccara}, C. and {Bondu}, F. and {Bosi}, L. and {Bradaschia}, C. and
	{Braccini}, S. and {Brillet}, A. and {Brisson}, V. and {Brocco}, L. and
	{Buskulic}, D. and {Calamai}, G. and {Calloni}, E. and {Campagna}, E. and
	{Cavalier}, F. and {Cella}, G. and {Chassande-Mottin}, E. and
	{Cleva}, F. and {Cokelaer}, T. and {Coulon}, J.-P. and {Cuoco}, E. and
	{Dattilo}, V. and {Davier}, M. and {De Rosa}, R. and {Di Fiore}, L. and
	{Di Virgilio}, A. and {Dujardin}, B. and {Eleuteri}, A. and
	{Enard}, D. and {Ferrante}, I. and {Fidecaro}, F. and {Fiori}, I. and
	{Flaminio}, R. and {Fournier}, J.-D. and {Frasca}, S. and {Frasconi}, F. and
	{Freise}, A. and {Gammaitoni}, L. and {Gennai}, A. and {Giazotto}, A. and
	{Giordano}, G. and {Giordano}, L. and {Guidi}, G. and {Heitmann}, H. and
	{Hello}, P. and {Heusse}, P. and {Holloway}, L. and {Kreckelbergh}, S. and
	{La Penna}, P. and {Loriette}, V. and {Loupias}, M. and {Losurdo}, G. and
	{Mackowski}, J.-M. and {Majorana}, E. and {Man}, C.~N. and {Marchetti}, E. and
	{Marion}, F. and {Martelli}, F. and {Masserot}, A. and {Massonnet}, L. and
	{Mazzoni}, M. and {Milano}, L. and {Moreau}, J. and {Moreau}, F. and
	{Morgado}, N. and {Mornet}, F. and {Mours}, B. and {Pacheco}, J. and
	{Pai}, A. and {Palomba}, C. and {Paoletti}, F. and {Pardi}, S. and
	{Passaquieti}, R. and {Passuello}, D. and {Perniola}, B. and
	{Pinard}, L. and {Poggiani}, R. and {Punturo}, M. and {Puppo}, P. and
	{Qipiani}, K. and {Ramonet}, J. and {Rapagnani}, P. and {Reita}, V. and
	{Remillieux}, A. and {Ricci}, F. and {Ricciardi}, I. and {Russo}, G. and
	{Solimeno}, S. and {Stanga}, R.~N. and {Tournefier}, E. and
	{Travasso}, F. and {Trinquet}, H. and {Verkindt}, D. and {Vetrano}, F. and
	{Veziant}, O. and {Vicere}, A. and {Vinet}, J.-Y. and {Vocca}, H. and
	{Yvert}, M.},
    title = "{Status of VIRGO}",
booktitle = {Gravitational Wave and Particle Astrophysics Detectors.  Edited by Hough, James;
Sanders, Gary H. Proceedings of the SPIE, Volume 5500, pp. 58-69 (2004).},
     year = 2004,
   series = {Presented at the Society of Photo-Optical Instrumentation Engineers (SPIE) Conference},
   volume = 5500,
   editor = {{Hough}, J. and {Sanders}, G.~H.},
    month = sep,
    pages = {58-69},
      doi = {10.1117/12.578278}
}

@article{Acernese:2005,
   author = {{Acernese}, F. and {Amico}, P. and {Al-Shourbagy}, M. and {Aoudia}, S. and
	{Avino}, S. and {Babusci}, D. and {Ballardin}, G. and {Barill{\'e}}, R. and
	{Barone}, F. and {Barsotti}, L. and {Barsuglia}, M. and {Beauville}, F. and
	{Bizouard}, M.~A. and {Boccara}, C. and {Bondu}, F. and {Bosi}, L. and
	{Bradaschia}, C. and {Braccini}, S. and {Brillet}, A. and {Brisson}, V. and
	{Brocco}, L. and {Buskulic}, D. and {Calloni}, E. and {Campagna}, E. and
	{Cavalier}, F. and {Cavalieri}, R. and {Cella}, G. and {Chassande-Mottin}, E. and
	{Corda}, C. and {Clapson}, A.-C. and {Cleva}, F. and {Coulon}, J.-P. and
	{Cuoco}, E. and {Dattilo}, V. and {Davier}, M. and {DeRosa}, R. and
	{Di Fiore}, L. and {Di Virgilio}, A. and {Dujardin}, B. and
	{Eleuteri}, A. and {Enard}, D. and {Ferrante}, I. and {Fidecaro}, F. and
	{Fiori}, I. and {Flaminio}, R. and {Fournier}, J.-D. and {Frasca}, S. and
	{Frasconi}, F. and {Freise}, A. and {Gammaitoni}, L. and {Gennai}, A. and
	{Giazotto}, A. and {Giordano}, G. and {Giordano}, L. and {Gouaty}, R. and
	{Grosjean}, D. and {Guidi}, G. and {Hebri}, S. and {Heitmann}, H. and
	{Hello}, P. and {Holloway}, L. and {Kreckelbergh}, S. and {La Penna}, P. and
	{Loriette}, V. and {Loupias}, M. and {Losurdo}, G. and {Mackowski}, J.-M. and
	{Majorana}, E. and {Man}, C.~N. and {Mantovani}, M. and {Marchesoni}, F. and
	{Marion}, F. and {Marque}, J. and {Martelli}, F. and {Masserot}, A. and
	{Mazzoni}, M. and {Milano}, L. and {Moins}, C. and {Moreau}, J. and
	{Morgado}, N. and {Mours}, B. and {Pai}, A. and {Palomba}, C. and
	{Paoletti}, F. and {Pardi}, S. and {Pasqualetti}, A. and {Passaquieti}, R. and
	{Passuello}, D. and {Perniola}, B. and {Piergiovanni}, F. and
	{Pinard}, L. and {Poggiani}, R. and {Punturo}, M. and {Puppo}, P. and
	{Qipiani}, K. and {Rapagnani}, P. and {Reita}, V. and {Remillieux}, A. and
	{Ricci}, F. and {Ricciardi}, I. and {Ruggi}, P. and {Russo}, G. and
	{Solimeno}, S. and {Spallicci}, A. and {Stanga}, R. and {Taddei}, R. and
	{Tombolato}, D. and {Tonelli}, M. and {Toncelli}, A. and {Tournefier}, E. and
	{Travasso}, F. and {Vajente}, G. and {Verkindt}, D. and {Vetrano}, F. and
	{Vicer{\'e}}, A. and {Vinet}, J.-Y. and {Vocca}, H. and {Yvert}, M. and
	{Zhang}, Z.},
    title = "{Status of Virgo}",
  journal = {Class. Quantum Grav.},
     year = 2005,
    month = sep,
   volume = 22,
    pages = {869},
      doi = {10.1088/0264-9381/22/18/S01}
}

@article{Acernese:2006,
   author = {{Acernese}, F. and {Amico}, P. and {Al-Shourbagy}, M. and {Aoudia}, S. and
	{Avino}, S. and {Babusci}, D. and {Ballardin}, G. and {Barone}, F. and
	{Barsotti}, L. and {Barsuglia}, M. and {Beauville}, F. and {Bizouard}, M.~A. and
	{Boccara}, C. and {Bondu}, F. and {Bosi}, L. and {Bradaschia}, C. and
	{Birindelli}, S. and {Braccini}, S. and {Brillet}, A. and {Brisson}, V. and
	{Brocco}, L. and {Buskulic}, D. and {Calloni}, E. and {Campagna}, E. and
	{Cavalier}, F. and {Cavalieri}, R. and {Cella}, G. and {Chassande-Mottin}, E. and
	{Corda}, C. and {Clapson}, A.-C. and {Cleva}, F. and {Coulon}, J.-P. and
	{Cuoco}, E. and {Dattilo}, V. and {Davier}, M. and {DeRosa}, R. and
	{Di Fiore}, L. and {Di Virgilio}, A. and {Dujardin}, B. and
	{Eleuteri}, A. and {Enard}, D. and {Ferrante}, I. and {Fidecaro}, F. and
	{Fiori}, I. and {Flaminio}, R. and {Fournier}, J.-D. and {Francois}, O. and
	{Frasca}, S. and {Frasconi}, F. and {Freise}, A. and {Gammaitoni}, L. and
	{Gennai}, A. and {Giazotto}, A. and {Giordano}, G. and {Giordano}, L. and
	{Gouaty}, R. and {Grosjean}, D. and {Guidi}, G. and {Hebri}, S. and
	{Heitmann}, H. and {Hello}, P. and {Holloway}, L. and {Karkar}, S. and
	{Kreckelbergh}, S. and {La Penna}, P. and {Letendre}, N. and
	{Lorenzini}, M. and {Loriette}, V. and {Loupias}, M. and {Losurdo}, G. and
	{Mackowski}, J.~M. and {Majorana}, E. and {Man}, C.~N. and {Mantovani}, M. and
	{Marchesoni}, F. and {Marion}, F. and {Marque}, J. and {Martelli}, F. and
	{Masserot}, A. and {Mazzoni}, M. and {Milano}, L. and {Moins}, C. and
	{Moreau}, J. and {Morgado}, N. and {Mours}, B. and {Pai}, A. and
	{Palomba}, C. and {Paoletti}, F. and {Pardi}, S. and {Pasqualetti}, A. and
	{Passaquieti}, R. and {Passuello}, D. and {Perniola}, B. and
	{Piergiovanni}, F. and {Pinard}, L. and {Poggiani}, R. and {Punturo}, M. and
	{Puppo}, P. and {Qipiani}, K. and {Rapagnani}, P. and {Reita}, V. and
	{Remillieux}, A. and {Ricci}, F. and {Ricciardi}, I. and {Ruggi}, P. and
	{Russo}, G. and {Solimeno}, S. and {Spallicci}, A. and {Stanga}, R. and
	{Taddei}, R. and {Tonelli}, M. and {Toncelli}, A. and {Tournefier}, E. and
	{Travasso}, F. and {Vajente}, G. and {Verkindt}, D. and {Vetrano}, F. and
	{Vicer{\'e}}, A. and {Vinet}, J.-Y. and {Vocca}, H. and {Yvert}, M. and
	{Zhang}, Z.},
    title = "{The status of VIRGO}",
  journal = {Class. Quantum Grav.},
     year = 2006,
    month = apr,
   volume = 23,
    pages = {63},
      doi = {10.1088/0264-9381/23/8/S09}
}

@thesis{Hereld:1984,
   author = {Hereld, M.},
    title = "{A search for gravitational radiation from PSR 1937+214}",
     year = {1984},
   school = {California Institute of Technology},
  address = {California Insitiute of Technology, Pasadena, California, USA},
   format = {print},
 keywords = {Gravitational radiation, pulsars}
}

@article{Allen:1999,
   author = {{Allen}, B. and {Blackburn}, J.~K. and {Brady}, P.~R. and {Creighton}, J.~D. and
	{Creighton}, T. and {Droz}, S. and {Gillespie}, A.~D. and {Hughes}, S.~A. and
	{Kawamura}, S. and {Lyons}, T.~T. and {Mason}, J.~E. and {Owen}, B.~J. and
	{Raab}, F.~J. and {Regehr}, M.~W. and {Sathyaprakash}, B.~S. and
	{Savage}, R.~L. and {Whitcomb}, S. and {Wiseman}, A.~G.},
    title = "{Observational Limit on Gravitational Waves from Binary Neutron Stars in the Galaxy}",
  journal = {Phys. Rev. Lett.},
   eprint = {arXiv:gr-qc/9903108},
     year = 1999,
    month = aug,
   volume = 83,
    pages = {1498-1501}
}

@article{Nicholson:1996,
   author = {{Nicholson}, D. and {Dickson}, C.~A. and {Watkins}, W.~J. and
	{Schutz}, B.~F. and {Shuttleworth}, J. and {Jones}, G.~S. and
	{Robertson}, D.~I. and {MacKenzie}, N.~L. and {Strain}, K.~A. and
	{Meers}, B.~J. and {Newton}, G.~P. and {Ward}, H. and {Cantley}, C.~A. and
	{Robertson}, N.~A. and {Hough}, J. and {Danzmann}, K. and {Niebauer}, T.~M. and
	{Ruediger}, A. and {Schilling}, R. and {Schnupp}, L. and {Winkler}, W.
	},
    title = "{Results of the first coincident observations by two laser-interferometric
gravitational wave detectors.}",
  journal = {Phys. Lett. A},
   eprint = {arXiv:gr-qc/9605048},
     year = 1996,
    month = aug,
   volume = 218,
    pages = {175-180}
}

@article{Niebauer:1993,
   author = {{Niebauer}, T.~M. and {R{\"u}diger}, A. and {Schilling}, R. and
	{Schnupp}, L. and {Winkler}, W. and {Danzmann}, K.},
    title = "{Pulsar search using data compression with the Garching gravitational wave detector}",
  journal = {Phys. Rev. D},
     year = 1993,
    month = apr,
   volume = 47,
    pages = {3106-3123}
}

@thesis{Smith:1988,
   author = {{Smith}, S.~L.},
    title = "{A search for gravitational waves from coalesing binary stars using the Caltech 40
meter gravity wave detector}",
   school = {California Institute of Technology},
     year = 1988,
  address = {California Insitiute of Technology, Pasadena, California, USA},
   format = {print},
 keywords = {Gravitational radiation, pulsars}
}

@ARTICLE{Abbott:2004b,
   author = {Abbott, B. et~al. (LIGO Scientific Collaboration)},
    title = "{First upper limits from LIGO on gravitational wave bursts}",
  journal = {Phys. Rev. D},
     year = 2004,
    month = may,
   volume = 69,
   number = 10,
    pages = {102001},
      doi = {10.1103/PhysRevD.69.102001}
}

@ARTICLE{Baggio:2008,
   author = {{The AURIGA Collaboration} and {the LIGO Scientific
Collaboration}},
    title = "{A joint search for gravitational wave bursts with AURIGA and
LIGO}",
  journal = {Class. Quantum Grav.},
     year = 2008,
    month = may,
   volume = 25,
   number = 9,
    pages = {095004},
      doi = {10.1088/0264-9381/25/9/095004}
}

@ARTICLE{Abbott:2004c,
   author = {Abbott, B. et~al. (LIGO Scientific Collaboration)},
    title = "{Analysis of LIGO data for gravitational waves from binary neutron
stars}",
  journal = {Phys. Rev. D},
   eprint = {arXiv:gr-qc/0308069},
     year = 2004,
    month = jun,
   volume = 69,
   number = 12,
    pages = {122001},
      doi = {10.1103/PhysRevD.69.122001}
}

@ARTICLE{Abbott:2004d,
   author = {Abbott, B. et~al. (LIGO Scientific Collaboration)},
    title = "{Setting upper limits on the strength of periodic gravitational
waves from PSR J1939+2134 using the first science data from the GEO 600 and LIGO
detectors}",
  journal = {Phys. Rev. D},
   eprint = {arXiv:gr-qc/0308050},
     year = 2004,
    month = apr,
   volume = 69,
   number = 8,
    pages = {082004},
      doi = {10.1103/PhysRevD.69.082004}
}

@ARTICLE{Abbott:2004e,
   author = {Abbott, B. et~al. (LIGO Scientific Collaboration)},
    title = "{Analysis of first LIGO science data for stochastic gravitational
waves}",
  journal = {Phys. Rev. D},
   eprint = {arXiv:gr-qc/0312088},
     year = 2004,
    month = jun,
   volume = 69,
   number = 12,
    pages = {122004},
      doi = {10.1103/PhysRevD.69.122004}
}

@ARTICLE{Abbott:2006a,
   author = {Abbott, B. et~al. (LIGO Scientific Collaboration)},
    title = "{Search for gravitational waves from binary black hole inspirals in
LIGO data}",
  journal = {Phys. Rev. D},
   eprint = {arXiv:gr-qc/0509129},
     year = 2006,
    month = mar,
   volume = 73,
   number = 6,
    pages = {062001},
      doi = {10.1103/PhysRevD.73.062001}
}

@ARTICLE{Abbott:2006b,
   author = {Abbott, B. et~al. (LIGO Scientific Collaboration and the TAMA Collaboration)},
    title = "{Joint LIGO and TAMA300 search for gravitational waves from
inspiralling neutron star binaries}",
  journal = {Phys. Rev. D},
   eprint = {arXiv:gr-qc/0512078},
     year = 2006,
    month = may,
   volume = 73,
   number = 10,
    pages = {102002},
      doi = {10.1103/PhysRevD.73.102002}
}

@ARTICLE{Abbott:2007a,
   author = {Abbott, B. et~al. (LIGO Scientific Collaboration)},
    title = "{Searches for periodic gravitational waves from unknown isolated
sources and Scorpius X-1: Results from the second LIGO science run}",
  journal = {Phys. Rev. D},
     year = 2007,
    month = oct,
   volume = 76,
   number = 8,
    pages = {082001},
      doi = {10.1103/PhysRevD.76.082001}
}

@ARTICLE{Abbott:2007b,
   author = {Abbott, B. et~al. (LIGO Scientific Collaboration)},
    title = "{Search for gravitational-wave bursts in LIGO data from the fourth
science run}",
  journal = {Class. Quantum Grav.},
archivePrefix = "arXiv",
   eprint = {0704.0943},
     year = 2007,
    month = nov,
   volume = 24,
    pages = {5343-5369},
      doi = {10.1088/0264-9381/24/22/002}
}

@ARTICLE{Abbott:2007c,
   author = {Abbott, B. et~al. (LIGO Scientific Collaboration)},
    title = "{Search for gravitational wave radiation associated with the
pulsating tail of the SGR 1806-20 hyperflare of 27 December 2004 using LIGO}",
  journal = {Phys. Rev. D},
   eprint = {arXiv:astro-ph/0703419},
     year = 2007,
    month = sep,
   volume = 76,
   number = 6,
    pages = {062003},
      doi = {10.1103/PhysRevD.76.062003}
}

@ARTICLE{Abbott:2007d,
   author = {{Abbott, B. et~al. (LIGO Scientific Collaboration)} and {Kramer}, M. and
  {Lyne}, A.~G.},
    title = "{Upper limits on gravitational wave emission from 78 radio
pulsars}",
  journal = {Phys. Rev. D},
     year = 2007,
    month = aug,
   volume = 76,
   number = 4,
    pages = {042001},
      doi = {10.1103/PhysRevD.76.042001}
}

@ARTICLE{Abbott:2007e,
   author = {Abbott, B. et~al. (LIGO Scientific Collaboration)},
    title = "{Searching for a Stochastic Background of Gravitational Waves with the Laser Interferometer Gravitational-Wave Observatory}",
  journal = {Astrophys. J.},
   eprint = {arXiv:astro-ph/0608606},
 keywords = {Gravitational Waves},
     year = 2007,
    month = apr,
   volume = 659,
    pages = {918-930},
      doi = {10.1086/511329}
}

@ARTICLE{Abbott:2007f,
   author = {Abbott, B. et~al. (LIGO Scientific Collaboration)},
    title = "{Upper limit map of a background of gravitational waves}",
  journal = {Phys. Rev. D},
   eprint = {arXiv:astro-ph/0703234},
     year = 2007,
    month = oct,
   volume = 76,
   number = 8,
    pages = {082003-+},
      doi = {10.1103/PhysRevD.76.082003}
}

@ARTICLE{Abbott:2007g,
   author = {Abbott, B. et~al. (LIGO Scientific Collaboration)},
    title = "{First cross-correlation analysis of interferometric and
resonant-bar gravitational-wave data for stochastic backgrounds}",
  journal = {Phys. Rev. D},
   eprint = {arXiv:gr-qc/0703068},
     year = 2007,
    month = jul,
   volume = 76,
   number = 2,
    pages = {022001-+},
      doi = {10.1103/PhysRevD.76.022001}
}

@ARTICLE{Abbott:2008a,
   author = {Abbott, B. et~al. (LIGO Scientific Collaboration)},
    title = "{Search for gravitational waves from binary inspirals in S3 and S4
LIGO data}",
  journal = {Phys. Rev. D},
     year = 2008,
    month = mar,
   volume = 77,
   number = 6,
    pages = {062002},
      doi = {10.1103/PhysRevD.77.062002}
}

@ARTICLE{Abbott:2008b,
   author = {Abbott, B. et~al. (LIGO Scientific Collaboration)},
    title = "{First joint search for gravitational-wave bursts in LIGO and GEO
600 data}",
  journal = {Class. Quantum Grav.},
archivePrefix = "arXiv",
   eprint = {0807.2834},
     year = 2008,
    month = dec,
   volume = 25,
   number = 24,
    pages = {245008-+},
      doi = {10.1088/0264-9381/25/24/245008}
}

@ARTICLE{Abbott:2008c,
   author = {Abbott, B. et~al. (LIGO Scientific Collaboration)},
    title = "{Search for gravitational waves associated with 39 gamma-ray bursts
using data from the second, third, and fourth LIGO runs}",
  journal = {Phys. Rev. D},
     year = 2008,
    month = mar,
   volume = 77,
   number = 6,
    pages = {062004},
      doi = {10.1103/PhysRevD.77.062004}
}

@ARTICLE{Abbott:2008d,
   author = {Abbott, B. et~al. (LIGO Scientific Collaboration)},
    title = "{Search of S3 LIGO data for gravitational wave signals from
spinning black hole and neutron star binary inspirals}",
  journal = {Phys. Rev. D},
     year = 2008,
    month = aug,
   volume = 78,
   number = 4,
    pages = {042002},
      doi = {10.1103/PhysRevD.78.042002}
}

@ARTICLE{Abbott:2008e,
   author = {Abbott, B. et~al. (LIGO Scientific Collaboration)},
    title = "{All-sky search for periodic gravitational waves in LIGO S4 data}",
  journal = {Phys. Rev. D},
archivePrefix = "arXiv",
   eprint = {0708.3818},
     year = 2008,
    month = jan,
   volume = 77,
   number = 2,
    pages = {022001},
      doi = {10.1103/PhysRevD.77.022001}
}

@ARTICLE{Abbott:2008f,
   author = {Abbott, B. et~al. (LIGO Scientific Collaboration)},
    title = "{Einstein@Home search for periodic gravitational waves in LIGO S4
data}",
  journal = {Phys. Rev. D},
archivePrefix = "arXiv",
   eprint = {0804.1747},
     year = 2009,
    month = jan,
   volume = 79,
   number = 2,
    pages = {022001-+},
      doi = {10.1103/PhysRevD.79.022001}
}

@ARTICLE{Abbott:2008g,
   author = {{Abbott, B. et~al. (LIGO Scientific Collaboration)} and {Hurley}, K.~C.},
    title = "{Implications for the Origin of GRB 070201 from LIGO Observations}",
  journal = {Astrophys. J.},
 keywords = {Gamma Rays: Bursts, Gravitational Waves, Methods: Data Analysis},
     year = 2008,
    month = jul,
   volume = 681,
    pages = {1419-1430},
      doi = {10.1086/587954}
}

@ARTICLE{Abbott:2008h,
   author = {{Abbott, B. et~al. (LIGO Scientific Collaboration)} and {Barthelmy}, S. and {Gehrels}, N. and
	{Hurley}, K.~C. and {Palmer}, D.},
    title = "{Search for Gravitational-Wave Bursts from Soft Gamma Repeaters}",
  journal = {Phys. Rev. Lett.},
archivePrefix = "arXiv",
   eprint = {0808.2050},
     year = 2008,
    month = nov,
   volume = 101,
   number = 21,
    pages = {211102-+},
      doi = {10.1103/PhysRevLett.101.211102}
}

@ARTICLE{Abbott:2008i,
   author = {Abbott, B. et~al. (LIGO Scientific Collaboration)},
    title = "{All-Sky LIGO Search for Periodic Gravitational Waves in the Early
Fifth-Science-Run Data}",
  journal = {Phys. Rev. Lett.},
archivePrefix = "arXiv",
   eprint = {0810.0283},
     year = 2009,
    month = mar,
   volume = 102,
   number = 11,
    pages = {111102-+},
      doi = {10.1103/PhysRevLett.102.111102}
}

@ARTICLE{Abbott:2008j,
   author = {Abbott, B. et~al. (LIGO Scientific Collaboration)},
    title = "{Beating the Spin-Down Limit on Gravitational Wave Emission from the Crab Pulsar}",
  journal = {Astrophys. J. Lett.},
archivePrefix = "arXiv",
   eprint = {0805.4758},
 keywords = {Gravitational Waves, pulsars: individual (Crab pulsar)},
     year = 2008,
    month = aug,
   volume = 683,
    pages = {L45-L49},
      doi = {10.1086/591526}
}

@ARTICLE{Abbott:2009a,
   author = {Abbott, B. et~al. (LIGO Scientific Collaboration)},
    title = "{Einstein@Home search for periodic gravitational waves in early S5
LIGO data}",
  journal = {Phys. Rev. D},
archivePrefix = "arXiv",
   eprint = {0905.1705},
     year = 2009,
    month = aug,
   volume = 80,
   number = 4,
    pages = {042003-+},
      doi = {10.1103/PhysRevD.80.042003}
}

@ARTICLE{Abbott:2009b,
   author = {Abbott, B. et~al. (LIGO Scientific Collaboration and the Virgo Collaboration)},
    title = "{An upper limit on the stochastic gravitational-wave background of
cosmological origin}",
  journal = {Nature},
     year = 2009,
    month = aug,
   volume = 460,
    pages = {990-994},
      doi = {10.1038/nature08278}
}

@ARTICLE{Abbott:2009c,
   author = {Abbott, B. et~al. (LIGO Scientific Collaboration)},
    title = "{Stacked Search for Gravitational Waves from the 2006 SGR 1900+14
Storm}",
  journal = {Astrophys. J. Lett.},
archivePrefix = "arXiv",
   eprint = {0905.0005},
 keywords = {gamma rays: bursts, gravitational waves, pulsars: individual: SGR
1900+14, stars: neutron },
     year = 2009,
    month = aug,
   volume = 701,
    pages = {L68-L74},
      doi = {10.1088/0004-637X/701/2/L68}
}

@ARTICLE{Abbott:2009d,
   author = {Abbott, B. et~al. (LIGO Scientific Collaboration and the Virgo Collaboration)},
    title = "{Search For Gravitational-wave Bursts Associated with Gamma-ray Bursts using Data from LIGO Science Run 5 and Virgo Science Run 1}",
  journal = {Astrophys. J.},
archivePrefix = "arXiv",
   eprint = {0908.3824},
 primaryClass = "astro-ph.HE",
 keywords = {gamma-ray burst: general, gravitational waves },
     year = 2010,
    month = jun,
   volume = 715,
    pages = {1438-1452},
      doi = {10.1088/0004-637X/715/2/1438}
}

@ARTICLE{Abbott:2009e,
   author = {Abbott, B. et~al. (LIGO Scientific Collaboration)},
    title = "{Search for gravitational waves from low mass binary coalescences
in the first year of LIGO's S5 data}",
  journal = {Phys. Rev. D},
archivePrefix = "arXiv",
   eprint = {0901.0302},
     year = 2009,
    month = jun,
   volume = 79,
   number = 12,
    pages = {122001-+},
      doi = {10.1103/PhysRevD.79.122001}
}

@ARTICLE{Abbott:2009f,
   author = {Abbott, B. et~al. (LIGO Scientific Collaboration)},
    title = "{Search for gravitational waves from low mass compact binary
coalescence in 186 days of LIGO's fifth science run}",
  journal = {Phys. Rev. D},
archivePrefix = "arXiv",
   eprint = {0905.3710},
     year = 2009,
    month = aug,
   volume = 80,
   number = 4,
    pages = {047101-+},
      doi = {10.1103/PhysRevD.80.047101}
}

@ARTICLE{Abbott:2009g,
   author = {Abbott, B. et~al. (LIGO Scientific Collaboration)},
    title = "{Search for gravitational wave ringdowns from perturbed black holes
in LIGO S4 data}",
  journal = {Phys. Rev. D},
archivePrefix = "arXiv",
   eprint = {0905.1654},
     year = 2009,
    month = sep,
   volume = 80,
   number = 6,
    pages = {062001-+},
      doi = {10.1103/PhysRevD.80.062001}
}

@ARTICLE{Abbott:2009h,
   author = {Abbott, B. et~al. (LIGO Scientific Collaboration)},
    title = "{Search for gravitational-wave bursts in the first year of the
fifth LIGO science run}",
  journal = {ArXiv e-prints},
archivePrefix = "arXiv",
   eprint = {0905.0020},
 keywords = {General Relativity and Quantum Cosmology},
     year = 2009,
    month = apr
}

@ARTICLE{Abbott:2009i,
   author = {Abbott, B. et~al. (LIGO Scientific Collaboration)},
    title = "{Search for High Frequency Gravitational Wave Bursts in the First
Calendar Year of LIGO's Fifth Science Run}",
  journal = {ArXiv e-prints},
archivePrefix = "arXiv",
   eprint = {0904.4910},
 keywords = {General Relativity and Quantum Cosmology},
     year = 2009,
    month = apr
}

@ARTICLE{Abbott:2009j,
   author = {Abbott, B. et~al. (LIGO Scientific Collaboration)},
    title = "{First LIGO search for gravitational wave bursts from cosmic
(super)strings}",
  journal = {ArXiv e-prints},
archivePrefix = "arXiv",
   eprint = {0904.4718},
 keywords = {Astrophysics - Cosmology and Extragalactic Astrophysics},
     year = 2009,
    month = apr
}

@ARTICLE{Abbott:2010a,
   author = {Abbott, B. et~al. (LIGO Scientific Collaboration and the Virgo Collaboration)},
    title = "{Searches for Gravitational Waves from Known Pulsars with Science Run 5 LIGO Data}",
  journal = {Astrophys. J.},
archivePrefix = "arXiv",
   eprint = {0909.3583},
 primaryClass = "astro-ph.HE",
 keywords = {gravitational waves, pulsars: general},
     year = 2010,
    month = apr,
   volume = 713,
    pages = {671-685},
      doi = {10.1088/0004-637X/713/1/671}
}

@ARTICLE{Fairhurst:2009,
   author = {{Fairhurst}, S. and {Guidi}, G.~M and {Hello}, P. and {Whelan}, J.~T and {Woan}, G.},
    title = "{Current status of gravitational-wave observations}",
  journal = {ArXiv e-prints},
archivePrefix = "arXiv",
   eprint = {0908.4006},
 keywords = {General Relativity and Quantum Cosmology},
     year = 2009,
    month = aug
}

@ARTICLE{Acernese:2008a,
   author = {Acernese, F. et~al. (Virgo Collaboration)},
    title = "{Search for gravitational waves associated with GRB 050915a using the Virgo detector}",
  journal = {ArXiv e-prints},
archivePrefix = "arXiv",
   eprint = {0803.0376},
 keywords = {General Relativity and Quantum Cosmology, Astrophysics},
     year = 2008,
    month = mar
}


@ARTICLE{Knispel:2008,
   author = {{Knispel}, B. and {Allen}, B.},
    title = "{Blandford's argument: The strongest continuous gravitational wave signal}",
  journal = {Phys. Rev. D},
archivePrefix = "arXiv",
   eprint = {0804.3075},
     year = 2008,
    month = aug,
   volume = 78,
   number = 4,
    pages = {044031},
      doi = {10.1103/PhysRevD.78.044031}
}

@ARTICLE{Golenetskii:2007a,
   author = {{Golenetskii}, S. and {Aptekar}, R. and {Mazets}, E. and {Pal'Shin}, V. and
	{Frederiks}, D. and {Cline}, T. and {von Kienlin}, A. and {Lichti}, G. and
	{Rau}, A. and {Gotz}, D. and {Mereghetti}, S. and {Cummings}, J. and
	{Barthelmy}, S. and {Gehrels}, N. and {Krimm}, H. and {Hurley}, K. and
	{Smith}, D.~M. and {Lin}, R.~P. and {McTiernan}, J. and {Schwartz}, R. and
	{Wigger}, C. and {Hajdas}, W. and {Zehnder}, A. and {Yamaoka}, K. and
	{Ohno}, M. and {Fukazawa}, Y. and {Takahashi}, T. and {Tashiro}, M. and
	{Terada}, Y. and {Murakami}, T. and {Makishima}, K.},
    title = "{IPN localization of very intense short GRB 070201.}",
  journal = {GRB Coordinates Network},
     year = 2007,
   volume = 6088,
    pages = {1}
}

@ARTICLE{Golenetskii:2007b,
   author = {{Golenetskii}, S. and {Aptekar}, R. and {Mazets}, E. and {Pal'Shin}, V. and
	{Frederiks}, D. and {Cline}, T.},
    title = "{GRB 070201: clarification on localization and konus-wind spectra.}",
  journal = {GRB Coordinates Network},
     year = 2007,
   volume = 6094,
    pages = {1}
}

@ARTICLE{Hurley:2005,
   author = {{Hurley}, K. and {Boggs}, S.~E. and {Smith}, D.~M. and {Duncan}, R.~C. and
	{Lin}, R. and {Zoglauer}, A. and {Krucker}, S. and {Hurford}, G. and
	{Hudson}, H. and {Wigger}, C. and {Hajdas}, W. and {Thompson}, C. and
	{Mitrofanov}, I. and {Sanin}, A. and {Boynton}, W. and {Fellows}, C. and
	{von Kienlin}, A. and {Lichti}, G. and {Rau}, A. and {Cline}, T.
	},
    title = "{An exceptionally bright flare from SGR 1806-20 and the origins of short-duration {$\gamma$}-ray bursts}",
  journal = {Nature},
   eprint = {arXiv:astro-ph/0502329},
     year = 2005,
    month = apr,
   volume = 434,
    pages = {1098-1103},
      doi = {10.1038/nature03519}
}

@techreport{EnhancedLIGO,
  author = {{Adhikari}, R. and {Fritschel}, P. and {Waldman}, S.},
    year = {2006},
     url = {http://www.ligo.caltech.edu/docs/T/T060156-01.pdf},
organization = {LIGO},
   title = {Enhanced LIGO},
 address = {California Institute of Technology and Massachusetts Institute of Technology},
keywords = {Gravitational radiation, LIGO},
   cited = {10 November 2008},
      id = {LIGO-T060156-01}
}

@ARTICLE{Willke:2006,
   author = {{Willke}, B. and {Ajith}, P. and {Allen}, B. and {Aufmuth}, P. and
	{Aulbert}, C. and {Babak}, S. and {Balasubramanian}, R. and
	{Barr}, B.~W. and {Berukoff}, S. and {Bunkowski}, A. and {Cagnoli}, G. and
	{Cantley}, C.~A. and {Casey}, M.~M. and {Chelkowski}, S. and
	{Chen}, Y. and {Churches}, D. and {Cokelaer}, T. and {Colacino}, C.~N. and
	{Crooks}, D.~R.~M. and {Cutler}, C. and {Danzmann}, K. and {Dupuis}, R.~J. and
	{Elliffe}, E. and {Fallnich}, C. and {Franzen}, A. and {Freise}, A. and
	{Gholami}, I. and {Go{\ss}ler}, S. and {Grant}, A. and {Grote}, H. and
	{Grunewald}, S. and {Harms}, J. and {Hage}, B. and {Heinzel}, G. and
	{Heng}, I.~S. and {Hepstonstall}, A. and {Heurs}, M. and {Hewitson}, M. and
	{Hild}, S. and {Hough}, J. and {Itoh}, Y. and {Jones}, G. and
	{Jones}, R. and {Huttner}, S.~H. and {K{\"o}tter}, K. and {Krishnan}, B. and
	{Kwee}, P. and {L{\"u}ck}, H. and {Luna}, M. and {Machenschalk}, B. and
	{Malec}, M. and {Mercer}, R.~A. and {Meier}, T. and {Messenger}, C. and
	{Mohanty}, S. and {Mossavi}, K. and {Mukherjee}, S. and {Murray}, P. and
	{Newton}, G.~P. and {Papa}, M.~A. and {Perreur-Lloyd}, M. and
	{Pitkin}, M. and {Plissi}, M.~V. and {Prix}, R. and {Quetschke}, V. and
	{Re}, V. and {Regimbau}, T. and {Rehbein}, H. and {Reid}, S. and
	{Ribichini}, L. and {Robertson}, D.~I. and {Robertson}, N.~A. and
	{Robinson}, C. and {Romano}, J.~D. and {Rowan}, S. and {R{\"u}diger}, A. and
	{Sathyaprakash}, B.~S. and {Schilling}, R. and {Schnabel}, R. and
	{Schutz}, B.~F. and {Seifert}, F. and {Sintes}, A.~M. and {Smith}, J.~R. and
	{Sneddon}, P.~H. and {Strain}, K.~A. and {Taylor}, I. and {Taylor}, R. and
	{Th{\"u}ring}, A. and {Ungarelli}, C. and {Vahlbruch}, H. and
	{Vecchio}, A. and {Veitch}, J. and {Ward}, H. and {Weiland}, U. and
	{Welling}, H. and {Wen}, L. and {Williams}, P. and {Winkler}, W. and
	{Woan}, G. and {Zhu}, R.},
    title = "{The GEO-HF project}",
  journal = {Class. Quantum Grav.},
     year = 2006,
    month = apr,
   volume = 23,
    pages = {207},
      doi = {10.1088/0264-9381/23/8/S26}
}

@ARTICLE{Whitcomb:2008,
   author = {{Whitcomb}, S.~E.},
    title = "{Ground-based gravitational-wave detection: now and future}",
  journal = {Class. Quantum Grav.},
     year = 2008,
    month = jun,
   volume = 25,
   number = 11,
    pages = {114013},
      doi = {10.1088/0264-9381/25/11/114013}
}

@ARTICLE{Vahlbruch:2008,
   author = {{Vahlbruch}, H. and {Mehmet}, M. and {Chelkowski}, S. and {Hage}, B. and
	{Franzen}, A. and {Lastzka}, N. and {Go{\ss}ler}, S. and {Danzmann}, K. and
	{Schnabel}, R.},
    title = "{Observation of Squeezed Light with 10-dB Quantum-Noise Reduction}",
  journal = {Phys. Rev. Lett.},
archivePrefix = "arXiv",
   eprint = {0706.1431},
     year = 2008,
    month = jan,
   volume = 100,
   number = 3,
    pages = {033602},
      doi = {10.1103/PhysRevLett.100.033602}
}

@ARTICLE{Chelkowski:2007,
   author = {{Chelkowski}, S. and {Vahlbruch}, H. and {Danzmann}, K. and
	{Schnabel}, R.},
    title = "{Coherent control of broadband vacuum squeezing}",
  journal = {Phys. Rev. A},
     year = 2007,
    month = apr,
   volume = 75,
   number = 4,
    pages = {043814-+},
      doi = {10.1103/PhysRevA.75.043814}
}

@ARTICLE{Acernese:2008b,
   author = {{Acernese}, F. and {Alshourbagy}, M. and {Amico}, P. and {Antonucci}, F. and
	{Aoudia}, S. and {Arun}, K.~G. and {Astone}, P. and {Avino}, S. and
	{Baggio}, L. and {Ballardin}, G. and {Barone}, F. and {Barsotti}, L. and
	{Barsuglia}, M. and {Bauer}, T.~S. and {Bigotta}, S. and {Birindelli}, S. and
	{Bizouard}, M.~A. and {Boccara}, C. and {Bondu}, F. and {Bosi}, L. and
	{Braccini}, S. and {Bradaschia}, C. and {Brillet}, A. and {Brisson}, V. and
	{Buskulic}, D. and {Cagnoli}, G. and {Calloni}, E. and {Campagna}, E. and
	{Carbognani}, F. and {Cavalier}, F. and {Cavalieri}, R. and
	{Cella}, G. and {Cesarini}, E. and {Chassande-Mottin}, E. and
	{Chatterji}, S. and {Cleva}, F. and {Coccia}, E. and {Corda}, C. and
	{Corsi}, A. and {Cottone}, F. and {Coulon}, J.-P. and {Cuoco}, E. and
	{D'Antonio}, S. and {Dari}, A. and {Dattilo}, V. and {Davier}, M. and
	{DeRosa}, R. and {DelPrete}, M. and {Di Fiore}, L. and {Di Lieto}, A. and
	{Emilio}, M.~D.~P. and {Di Virgilio}, A. and {Evans}, M. and
	{Fafone}, V. and {Ferrante}, I. and {Fidecaro}, F. and {Fiori}, I. and
	{Flaminio}, R. and {Fournier}, J.-D. and {Frasca}, S. and {Frasconi}, F. and
	{Gammaitoni}, L. and {Garufi}, F. and {Genin}, E. and {Gennai}, A. and
	{Giazotto}, A. and {Granata}, V. and {Greverie}, C. and {Grosjean}, D. and
	{Guidi}, G. and {Hamdani}, S. and {Hebri}, S. and {Heitmann}, H. and
	{Hello}, P. and {Huet}, D. and {La Penna}, P. and {Laval}, M. and
	{Leroy}, N. and {Letendre}, N. and {Lopez}, B. and {Lorenzini}, M. and
	{Loriette}, V. and {Losurdo}, G. and {Mackowski}, J.-M. and
	{Majorana}, E. and {Man}, N. and {Mantovani}, M. and {Marchesoni}, F. and
	{Marion}, F. and {Marque}, J. and {Martelli}, F. and {Masserot}, A. and
	{Menzinger}, F. and {Milano}, L. and {Minenkov}, Y. and {Mohan}, M. and
	{Moreau}, J. and {Morgado}, N. and {Mosca}, S. and {Mours}, B. and
	{Neri}, I. and {Nocera}, F. and {Pagliaroli}, G. and {Palomba}, C. and
	{Paoletti}, F. and {Pardi}, S. and {Pasqualetti}, A. and {Passaquieti}, R. and
	{Passuello}, D. and {Piergiovanni}, F. and {Pinard}, L. and
	{Poggiani}, R. and {Punturo}, M. and {Puppo}, P. and {Rabaste}, O. and
	{Rapagnani}, P. and {Regimbau}, T. and {Remillieux}, A. and
	{Ricci}, F. and {Ricciardi}, I. and {Rocchi}, A. and {Rolland}, L. and
	{Romano}, R. and {Ruggi}, P. and {Sentenac}, D. and {Solimeno}, S. and
	{Swinkels}, B.~L. and {Terenzi}, R. and {Toncelli}, A. and {Tonelli}, M. and
	{Tournefier}, E. and {Travasso}, F. and {Vajente}, G. and {van den Brand}, J.~F.~J. and
	{van der Putten}, S. and {Verkindt}, D. and {Vetrano}, F. and
	{Vicer{\'e}}, A. and {Vinet}, J.-Y. and {Vocca}, H. and {Yvert}, M.
	},
    title = "{Virgo status}",
  journal = {Class. Quantum Grav.},
     year = 2008,
    month = sep,
   volume = 25,
   number = 18,
    pages = {184001},
      doi = {10.1088/0264-9381/25/18/184001}
}

@techreport{AdvLIGO,
  author = {{The Advanced LIGO team}},
    year = {2007},
     url = {http://www.ligo.caltech.edu/docs/M/M060056-08/M060056-08.pdf},
organization = {LIGO},
   title = {Advanced LIGO Reference Design},
 address = {California Institute of Technology and Massachusetts Institute of Technology},
keywords = {Gravitational radiation, Advanced LIGO},
   cited = {14 November 2008},
      id = {LIGO-M060056-08}
}

@ARTICLE{Harry:2010,
   author = {{Harry}, G.~M. and {the LIGO Scientific Collaboration}},
    title = "{Advanced LIGO: the next generation of gravitational wave detectors}",
  journal = {Class. Quantum Grav.},
     year = 2010,
    month = apr,
   volume = 27,
   number = 8,
    pages = {084006-+},
      doi = {10.1088/0264-9381/27/8/084006}
}

@techreport{AdvVirgo,
  author = {{The Advanced Virgo team}},
    year = {2008},
     url = {https://pub3.ego-gw.it/codifier/links/r2f86o8930d7Ap4z57eK3ao838Hge3P1q208j67d.pdf},
organization = {EGO},
   title = {Advanced Virgo Preliminary Design},
 address = {EGO},
keywords = {Gravitational radiation, Advanced Virgo},
   cited = {19 November 2008},
      id = {VIR-089A-08}
}

@ARTICLE{Kopparapu:2008,
   author = {{Kopparapu}, R.~K. and {Hanna}, C. and {Kalogera}, V. and {O'Shaughnessy}, R. and
	{Gonz{\'a}lez}, G. and {Brady}, P.~R. and {Fairhurst}, S.},
    title = "{Host Galaxies Catalog Used in LIGO Searches for Compact Binary Coalescence Events}",
  journal = {Astrophys. J.},
archivePrefix = "arXiv",
   eprint = {0706.1283},
 keywords = {Stars: Binaries: Close, Catalogs, Galaxies: Luminosity Function, Mass Function, Gravitational Waves, Stars: Neutron},
     year = 2008,
    month = mar,
   volume = 675,
    pages = {1459-1467},
      doi = {10.1086/527348}
}

@ARTICLE{Hild:2008,
   author = {{Hild}, S. and {Grote}, H. and {Degallaix}, J. and {Chelkowski}, S. and 
        {Danzmann}, K. and {Freise}, A. and {Hewitson}, M. and {Hough}, J. and 
        {L{\"u}ck}, H. and {Prijatelj}, M. and {Strain}, K.~A. and {Smith}, J.~R. and 
        {Willke}, B.},
    title = "{DC-readout of a signal-recycled gravitational wave detector}",
  journal = {Class. Quantum Grav.},
archivePrefix = "arXiv",
   eprint = {0811.3242},
 primaryClass = "gr-qc",
     year = 2009,
    month = mar,
   volume = 26,
   number = 5,
    pages = {055012-+},
      doi = {10.1088/0264-9381/26/5/055012}
}

@ARTICLE{Miyoki:2005,
   author = {{Miyoki}, S. and {the LCGT Collaborations}},
    title = "{Large scale cryogenic gravitational wave telescope}",
  journal = {Nuclear Physics B Proceedings Supplements},
     year = 2005,
    month = jan,
   volume = 138,
    pages = {439-442},
      doi = {10.1016/j.nuclphysbps.2004.11.101}
}

@ARTICLE{Ohashi:2008,
   author = {{Ohashi}, M. and {the LCGT Collaboration}},
    title = "{Status of LCGT and CLIO}",
  journal = {Journal of Physics Conference Series},
     year = 2008,
    month = jul,
   volume = 120,
   number = 3,
    pages = {032008-+},
      doi = {10.1088/1742-6596/120/3/032008}
}

@ARTICLE{Yamamoto:2008,
   author = {{Yamamoto}, K. and {Uchiyama}, T. and {Miyoki}, S. and {Ohashi}, M.
and
	{Kuroda}, K. and {Ishitsuka}, H. and {Akutsu}, T. and {Telada}, S. and
	{Tomaru}, T. and {Suzuki}, T. and {Sato}, N. and {Saito}, Y. and
	{Higashi}, Y. and {Haruyama}, T. and {Yamamoto}, A. and {Shintomi}, T.
and
	{Tatsumi}, D. and {Ando}, M. and {Tagoshi}, H. and {Kanda}, N. and
	{Awaya}, N. and {Yamagishi}, S. and {Takahashi}, H. and {Araya}, A. and
	{Takamori}, A. and {Takemoto}, S. and {Higashi}, T. and {Hayakawa}, H.
and
	{Morii}, W. and {Akamatsu}, J.},
    title = "{Current status of the CLIO project}",
  journal = {Journal of Physics Conference Series},
archivePrefix = "arXiv",
   eprint = {0805.2384},
     year = 2008,
    month = jul,
   volume = 122,
   number = 1,
    pages = {012002-+},
      doi = {10.1088/1742-6596/122/1/012002}
}

@ARTICLE{Akutsu:2008,
   author = {{Akutsu}, T. and {Ando}, M. and {Haruyama}, T. and {Kanda}, N. and
	{Kuroda}, K. and {Miyoki}, S. and {Ohashi}, M. and {Saito}, Y. and
	{Sato}, N. and {Shintomi}, T. and {Suzuki}, T. and {Tagoshi}, H. and
	{Takahashi}, H. and {Tatsumi}, D. and {Telada}, S. and {Tomaru}, T. and
	{Uchiyama}, T. and {Yamamoto}, A. and {Yamamoto}, K.},
    title = "{Search for continuous gravitational waves from PSR J0835-4510
using CLIO data}",
  journal = {Class. Quantum Grav.},
     year = 2008,
    month = sep,
   volume = 25,
   number = 18,
    pages = {184013-+},
      doi = {10.1088/0264-9381/25/18/184013}
}

@techreport{AdVwhitepaper,
  author    = {Flaminio, {R}. and Freise, {A}. and Gennai, {A}. and Hello, {P}.
and La Penna, {P}. and Losurdo, {G}. and L\"uck, {H}. and Man, {N}. and
Masserot, {A}. and Mours, {B}. and Punturo, {M}. and Spallicci, {A}. and
Vicer\'e, {A}. and {the Virgo Collaboration}},
  cited     = {5 January 2009},
  keywords  = {Gravitational wave detectors, Interferometry},
  publisher = {The Virgo Collaboration},
  title     = {Advanced Virgo White Paper},
  url       = {http://wwwcascina.virgo.infn.it/advirgo/docs/whitepaper.pdf},
  year      = {2005},
  month     = nov,
  id        = {VIR–NOT–DIR–1390–304}
}

@techreport{AdVdesign,
  author    = {{The Virgo Collaboration}},
  cited     = {5 January 2009},
  keywords  = {Gravitational wave detectors, Interferometry},
  publisher = {The Virgo Collaboration},
  title     = {Advanced Virgo Preliminary Design},
  url       = {https://pub3.ego-gw.it/codifier/links/0j6lw4tf28461t1409hJd56323Ajdxv6b40y08Q3.pdf},
  year      = {2008},
  month     = oct,
  id        = {VIR–089A-08}
}

@online{ETweb,
  author = {Europen Graviatational Observatory (EGO)},
  cited = {5 January 2009},
  keywords = {Gravitational wave detectors, Interferometry},
  publisher = {Europen Graviatational Observatory},
  title = {Einstein Telescope},
  year = {2008},
  url = {http://www.et-gw.eu/}
}

@inproceedings{Prix:2006,
  author = {{Prix}, R. for {the LIGO Scientific Collaboration}},
  year = 2006,
  conference = {363rd Heraeus Seminar: Neutron Stars and Pulsars},
  format     = {electronic},
  keywords   = {Gravitational wave detectors, Interferometry, Space missions},
  month      = may,
  title      = {The Search for Gravitational Waves from Spinning Neutron Stars},
  url        = {http://edoc.mpg.de/get.epl?fid=36500&did=288718&ver=0}
}

@ARTICLE{Klimenko:2004,
   author = {{Klimenko}, S. and {Mitselmakher}, G.},
    title = "{A wavelet method for detection of gravitational wave bursts}",
  journal = {Class. Quantum Grav.},
     year = 2004,
    month = oct,
   volume = 21,
    pages = {1819-+},
      doi = {10.1088/0264-9381/21/20/025}
}

@ARTICLE{Anderson:2001,
   author = {{Anderson}, W.~G. and {Brady}, P.~R. and {Creighton}, J.~D. and
	{Flanagan}, {\'E}.~{\'E}.},
    title = "{Excess power statistic for detection of burst sources of gravitational radiation}",
  journal = {Phys. Rev. D},
   eprint = {arXiv:gr-qc/0008066},
     year = 2001,
    month = feb,
   volume = 63,
   number = 4,
    pages = {042003-+},
      doi = {10.1103/PhysRevD.63.042003}
}

@ARTICLE{Searle:2008,
   author = {{Searle}, A.~C. and {Sutton}, P.~J. and {Tinto}, M.},
    title = "{Bayesian detection of unmodeled bursts of gravitational waves}",
  journal = {ArXiv e-prints},
archivePrefix = "arXiv",
   eprint = {0809.2809},
 keywords = {General Relativity and Quantum Cosmology},
     year = 2008,
    month = sep
}

@ARTICLE{McNabb:2004,
   author = {{McNabb}, J.~W.~C. and {Ashley}, M. and {Finn}, L.~S. and {Rotthoff}, E. and
	{Stuver}, A. and {Summerscales}, T. and {Sutton}, P. and {Tibbits}, M. and
	{Thorne}, K. and {Zaleski}, K.},
    title = "{Overview of the BlockNormal event trigger generator}",
  journal = {Class. Quantum Grav.},
     year = 2004,
    month = oct,
   volume = 21,
    pages = {1705-+},
      doi = {10.1088/0264-9381/21/20/013}
}

@ARTICLE{Cadonati:2004,
   author = {{Cadonati}, L.},
    title = "{Coherent waveform consistency test for LIGO burst candidates}",
  journal = {Class. Quantum Grav.},
     year = 2004,
    month = oct,
   volume = 21,
    pages = {1695-+},
      doi = {10.1088/0264-9381/21/20/012}
}

@ARTICLE{Chatterji:2004,
   author = {{Chatterji}, S. and {Blackburn}, L. and {Martin}, G. and {Katsavounidis}, E.
	},
    title = "{Multiresolution techniques for the detection of gravitational-wave bursts}",
  journal = {Class. Quantum Grav.},
     year = 2004,
    month = oct,
   volume = 21,
    pages = {1809-+},
      doi = {10.1088/0264-9381/21/20/024}
}

@ARTICLE{Chatterji:2006,
   author = {{Chatterji}, S. and {Lazzarini}, A. and {Stein}, L. and {Sutton}, P.~J. and
	{Searle}, A. and {Tinto}, M.},
    title = "{Coherent network analysis technique for discriminating gravitational-wave bursts from instrumental noise}",
  journal = {Phys. Rev. D},
   eprint = {arXiv:gr-qc/0605002},
     year = 2006,
    month = oct,
   volume = 74,
   number = 8,
    pages = {082005-+},
      doi = {10.1103/PhysRevD.74.082005}
}

@ARTICLE{Owen:1996,
   author = {{Owen}, B.~J.},
    title = "{Search templates for gravitational waves from inspiraling binaries: Choice of template spacing}",
  journal = {Phys. Rev. D},
   eprint = {arXiv:gr-qc/9511032},
     year = 1996,
    month = jun,
   volume = 53,
    pages = {6749-6761},
      doi = {10.1103/PhysRevD.53.6749}
}

@ARTICLE{Owen:1999,
   author = {{Owen}, B.~J. and {Sathyaprakash}, B.~S.},
    title = "{Matched filtering of gravitational waves from inspiraling compact binaries: Computational cost and template placement}",
  journal = {Phys. Rev. D},
   eprint = {arXiv:gr-qc/9808076},
     year = 1999,
    month = jul,
   volume = 60,
   number = 2,
    pages = {022002-+},
      doi = {10.1103/PhysRevD.60.022002}
}

@ARTICLE{Brady:2000,
   author = {{Brady}, P.~R. and {Creighton}, T.},
    title = "{Searching for periodic sources with LIGO. II. Hierarchical searches}",
  journal = {Phys. Rev. D},
   eprint = {arXiv:gr-qc/9812014},
     year = 2000,
    month = apr,
   volume = 61,
   number = 8,
    pages = {082001-+},
      doi = {10.1103/PhysRevD.61.082001}
}

@ARTICLE{Krishnan:2004,
   author = {{Krishnan}, B. and {Sintes}, A.~M. and {Papa}, M.~A. and {Schutz}, B.~F. and
	{Frasca}, S. and {Palomba}, C.},
    title = "{Hough transform search for continuous gravitational waves}",
  journal = {Phys. Rev. D},
   eprint = {arXiv:gr-qc/0407001},
     year = 2004,
    month = oct,
   volume = 70,
   number = 8,
    pages = {082001-+},
      doi = {10.1103/PhysRevD.70.082001}
}

@ARTICLE{Jaranowski:1998,
   author = {{Jaranowski}, P. and {Kr{\'o}lak}, A. and {Schutz}, B.~F.},
    title = "{Data analysis of gravitational-wave signals from spinning neutron stars: The signal and its detection}",
  journal = {Phys. Rev. D},
   eprint = {arXiv:gr-qc/9804014},
     year = 1998,
    month = sep,
   volume = 58,
   number = 6,
    pages = {063001-+},
      doi = {10.1103/PhysRevD.58.063001}
}

@ARTICLE{Dupuis:2005,
   author = {{Dupuis}, R.~J. and {Woan}, G.},
    title = "{Bayesian estimation of pulsar parameters from gravitational wave data}",
  journal = {Phys. Rev. D},
     year = 2005,
    month = nov,
   volume = 72,
   number = 10,
    pages = {102002-+},
      doi = {10.1103/PhysRevD.72.102002}
}

@ARTICLE{Allen:1999,
   author = {{Allen}, B. and {Romano}, J.~D.},
    title = "{Detecting a stochastic background of gravitational radiation: Signal processing strategies and sensitivities}",
  journal = {Phys. Rev. D},
   eprint = {arXiv:gr-qc/9710117},
     year = 1999,
    month = may,
   volume = 59,
   number = 10,
    pages = {102001-+},
      doi = {10.1103/PhysRevD.59.102001}
}

@ARTICLE{Freise:2008,
   author = {{Freise}, A. and {Chelkowski}, S. and {Hild}, S. and {Del Pozzo}, W. and
	{Perreca}, A. and {Vecchio}, A.},
    title = "{Triple Michelson Interferometer for a Third-Generation Gravitational Wave Detector}",
  journal = {ArXiv e-prints},
archivePrefix = "arXiv",
   eprint = {0804.1036},
 keywords = {General Relativity and Quantum Cosmology},
     year = 2008,
    month = apr
}

@ARTICLE{Hild:2008,
   author = {{Hild}, S. and {Chelkowski}, S. and {Freise}, A.},
    title = "{Pushing towards the ET sensitivity using 'conventional' technology}",
  journal = {ArXiv e-prints},
archivePrefix = "arXiv",
   eprint = {0810.0604},
 keywords = {General Relativity and Quantum Cosmology},
     year = 2008,
    month = oct
}

@article{Sathyaprakash:2009,
  author = {{Sathyaprakash}, B. S. and {Schutz}, B. F.},
   title = "{Physics, Astrophysics and Cosmology with Gravitational Waves}",
 journal = {Living Rev. Relativity},
  eprint = {0903.0338},
archivePrefix = "arXiv",
    year = 2009,
   month = mar,
   cited =  {03 March 2009},
onlineversion = {http://www.livingreviews.org/lrr-2009-2},
  volume = 12,
  number = 2
}

@ARTICLE{Jennrich:2009,
   author = {{Jennrich}, O.},
    title = "{TOPICAL REVIEW:  LISA technology and instrumentation}",
  journal = {Class. Quantum Grav.},
archivePrefix = "arXiv",
   eprint = {0906.2901},
     year = 2009,
    month = aug,
   volume = 26,
   number = 15,
    pages = {153001-+},
      doi = {10.1088/0264-9381/26/15/153001}
}

@ARTICLE{Armano:2009,
   author = {{Armano}, M. and {Benedetti}, M. and {Bogenstahl}, J. and {Bortoluzzi}, D. and 
	{Bosetti}, P. and {Brandt}, N. and {Cavalleri}, A. and {Ciani}, G. and 
	{Cristofolini}, I. and {Cruise}, A.~M. and {Danzmann}, K. and 
	{Diepholz}, I. and {Dixon}, G. and {Dolesi}, R. and {Fauste}, J. and 
	{Ferraioli}, L. and {Fertin}, D. and {Fichter}, W. and {Freschi}, M. and 
	{Garc{\'{\i}}a}, A. and {Garc{\'{\i}}a}, C. and {Grynagier}, A. and 
	{Guzm{\'a}n}, F. and {Fitzsimons}, E. and {Heinzel}, G. and 
	{Hewitson}, M. and {Hollington}, D. and {Hough}, J. and {Hueller}, M. and 
	{Hoyland}, D. and {Jennrich}, O. and {Johlander}, B. and {Killow}, C. and 
	{Lobo}, A. and {Mance}, D. and {Mateos}, I. and {McNamara}, P.~W. and 
	{Monsky}, A. and {Nicolini}, D. and {Nicolodi}, D. and {Nofrarias}, M. and 
	{Perreur-Lloyd}, M. and {Plagnol}, E. and {Racca}, G.~D. and 
	{Ramos-Castro}, J. and {Robertson}, D. and {Sanjuan}, J. and 
	{Schulte}, M.~O. and {Shaul}, D.~N.~A. and {Smit}, M. and {Stagnaro}, L. and 
	{Steier}, F. and {Sumner}, T.~J. and {Tateo}, N. and {Tombolato}, D. and 
	{Vischer}, G. and {Vitale}, S. and {Wanner}, G. and {Ward}, H. and 
	{Waschke}, S. and {Wand}, V. and {Wass}, P. and {Weber}, W.~J. and 
	{Ziegler}, T. and {Zweifel}, P.},
    title = "{LISA Pathfinder: the experiment and the route to LISA}",
  journal = {Class. Quantum Grav.},
     year = 2009,
    month = may,
   volume = 26,
   number = 9,
    pages = {094001-+},
      doi = {10.1088/0264-9381/26/9/094001}
}

@ARTICLE{Ando:2009,
   author = {{Ando}, M. and {Kawamura}, S. and {Sato}, S. and {Nakamura}, T. and 
	{Tsubono}, K. and {Araya}, A. and {Funaki}, I. and {Ioka}, K. and 
	{Kanda}, N. and {Moriwaki}, S. and {Musha}, M. and {Nakazawa}, K. and 
	{Numata}, K. and {Sakai}, S.-i. and {Seto}, N. and {Takashima}, T. and 
	{Tanaka}, T. and {Agatsuma}, K. and {Aoyanagi}, K.-s. and {Arai}, K. and 
	{Asada}, H. and {Aso}, Y. and {Chiba}, T. and {Ebisuzaki}, T. and 
	{Ejiri}, Y. and {Enoki}, M. and {Eriguchi}, Y. and {Fujimoto}, M.-K. and 
	{Fujita}, R. and {Fukushima}, M. and {Futamase}, T. and {Ganzu}, K. and 
	{Harada}, T. and {Hashimoto}, T. and {Hayama}, K. and {Hikida}, W. and 
	{Himemoto}, Y. and {Hirabayashi}, H. and {Hiramatsu}, T. and 
	{Hong}, F.-L. and {Horisawa}, H. and {Hosokawa}, M. and {Ichiki}, K. and 
	{Ikegami}, T. and {Inoue}, K.~T. and {Ishidoshiro}, K. and {Ishihara}, H. and 
	{Ishikawa}, T. and {Ishizaki}, H. and {Ito}, H. and {Itoh}, Y. and 
	{Kawashima}, N. and {Kawazoe}, F. and {Kishimoto}, N. and {Kiuchi}, K. and 
	{Kobayashi}, S. and {Kohri}, K. and {Koizumi}, H. and {Kojima}, Y. and 
	{Kokeyama}, K. and {Wataru@Kokuyama} and {Kotake}, K. and {Kozai}, Y. and 
	{Kudoh}, H. and {Kunimori}, H. and {Kuninaka}, H. and {Kuroda}, K. and 
	{Maeda}, K.-i. and {Matsuhara}, H. and {Mino}, Y. and {Miyakawa}, O. and 
	{Miyoki}, S. and {Morimoto}, M.~Y. and {Morioka}, T. and {Morisawa}, T. and 
	{Mukohyama}, S. and {Nagano}, S. and {Naito}, I. and {Nakamura}, K. and 
	{Nakano}, H. and {Nakao}, K. and {Nakasuka}, S. and {Nakayama}, Y. and 
	{Nishida}, E. and {Nishiyama}, K. and {Nishizawa}, A. and {Niwa}, Y. and 
	{Noumi}, T. and {Obuchi}, Y. and {Ohashi}, M. and {Ohishi}, N. and 
	{Ohkawa}, M. and {Okada}, N. and {Onozato}, K. and {Oohara}, K. and 
	{Sago}, N. and {Saijo}, M. and {Sakagami}, M. and {Sakata}, S. and 
	{Sasaki}, M. and {Sato}, T. and {Shibata}, M. and {Shinkai}, H. and 
	{Somiya}, K. and {Sotani}, H. and {Sugiyama}, N. and {Suwa}, Y. and 
	{Suzuki}, R. and {Tagoshi}, H. and {Takahashi}, F. and {Takahashi}, K. and 
	{Takahashi}, K. and {Takahashi}, R. and {Takahashi}, R. and 
	{Takahashi}, T. and {Takahashi}, H. and {Akiteru}, T. and {Takano}, T. and 
	{Taniguchi}, K. and {Taruya}, A. and {Tashiro}, H. and {Torii}, Y. and 
	{Toyoshima}, M. and {Tsujikawa}, S. and {Tsunesada}, Y. and 
	{Ueda}, A. and {Ueda}, K.-i. and {Utashima}, M. and {Wakabayashi}, Y. and 
	{Yamakawa}, H. and {Yamamoto}, K. and {Yamazaki}, T. and {Yokoyama}, J. and 
	{Yoo}, C.-M. and {Yoshida}, S. and {Yoshino}, T.},
    title = "{DECIGO pathfinder}",
  journal = {Class. Quantum Grav.},
     year = 2009,
    month = may,
   volume = 26,
   number = 9,
    pages = {094019-+},
      doi = {10.1088/0264-9381/26/9/094019}
}

@ARTICLE{Sato:2009,
   author = {{Sato}, S. and {Kawamura}, S. and {Ando}, M. and {Nakamura}, T. and 
	{Tsubono}, K. and {Araya}, A. and {Funaki}, I. and {Ioka}, K. and 
	{Kanda}, N. and {Moriwaki}, S. and {Musha}, M. and {Nakazawa}, K. and 
	{Numata}, K. and {Sakai}, S.-i. and {Seto}, N. and {Takashima}, T. and 
	{Tanaka}, T. and {Agatsuma}, K. and {Aoyanagi}, K.-s. and {Arai}, K. and 
	{Asada}, H. and {Aso}, Y. and {Chiba}, T. and {Ebisuzaki}, T. and 
	{Ejiri}, Y. and {Enoki}, M. and {Eriguchi}, Y. and {Fujimoto}, M.-K. and 
	{Fujita}, R. and {Fukushima}, M. and {Futamase}, T. and {Ganzu}, K. and 
	{Harada}, T. and {Hashimoto}, T. and {Hayama}, K. and {Hikida}, W. and 
	{Himemoto}, Y. and {Hirabayashi}, H. and {Hiramatsu}, T. and 
	{Hong}, F.-L. and {Horisawa}, H. and {Hosokawa}, M. and {Ichiki}, K. and 
	{Ikegami}, T. and {Inoue}, K.~T. and {Ishidoshiro}, K. and {Ishihara}, H. and 
	{Ishikawa}, T. and {Ishizaki}, H. and {Ito}, H. and {Itoh}, Y. and 
	{Kawashima}, N. and {Kawazoe}, F. and {Kishimoto}, N. and {Kiuchi}, K. and 
	{Kobayashi}, S. and {Kohri}, K. and {Koizumi}, H. and {Kojima}, Y. and 
	{Kokeyama}, K. and {Kokuyama}, W. and {Kotake}, K. and {Kozai}, Y. and 
	{Kudoh}, H. and {Kunimori}, H. and {Kuninaka}, H. and {Kuroda}, K. and 
	{Maeda}, K.-i. and {Matsuhara}, H. and {Mino}, Y. and {Miyakawa}, O. and 
	{Miyoki}, S. and {Morimoto}, M.~Y. and {Morioka}, T. and {Morisawa}, T. and 
	{Mukohyama}, S. and {Nagano}, S. and {Naito}, I. and {Nakamura}, K. and 
	{Nakano}, H. and {Nakao}, K. and {Nakasuka}, S. and {Nakayama}, Y. and 
	{Nishida}, E. and {Nishiyama}, K. and {Nishizawa}, A. and {Niwa}, Y. and 
	{Noumi}, T. and {Obuchi}, Y. and {Ohashi}, M. and {Ohishi}, N. and 
	{Ohkawa}, M. and {Okada}, N. and {Onozato}, K. and {Oohara}, K. and 
	{Sago}, N. and {Saijo}, M. and {Sakagami}, M. and {Sakata}, S. and 
	{Sasaki}, M. and {Sato}, T. and {Shibata}, M. and {Shinkai}, H. and 
	{Somiya}, K. and {Sotani}, H. and {Sugiyama}, N. and {Suwa}, Y. and 
	{Suzuki}, R. and {Tagoshi}, H. and {Takahashi}, F. and {Takahashi}, K. and 
	{Takahashi}, K. and {Takahashi}, R. and {Takahashi}, R. and 
	{Takahashi}, T. and {Takahashi}, H. and {Akiteru}, T. and {Takano}, T. and 
	{Taniguchi}, K. and {Taruya}, A. and {Tashiro}, H. and {Torii}, Y. and 
	{Toyoshima}, M. and {Tsujikawa}, S. and {Tsunesada}, Y. and 
	{Ueda}, A. and {Ueda}, K.-i. and {Utashima}, M. and {Wakabayashi}, Y. and 
	{Yamakawa}, H. and {Yamamoto}, K. and {Yamazaki}, T. and {Yokoyama}, J. and 
	{Yoo}, C.-M. and {Yoshida}, S. and {Yoshino}, T.},
    title = "{DECIGO: The Japanese space gravitational wave antenna}",
  journal = {Journal of Physics Conference Series},
     year = 2009,
    month = mar,
   volume = 154,
   number = 1,
    pages = {012040-+},
      doi = {10.1088/1742-6596/154/1/012040}
}

@ARTICLE{Cutler:2009,
   author = {{Cutler}, C. and {Holz}, D.~E.},
    title = "{Ultra-high precision cosmology from gravitational waves}",
  journal = {ArXiv e-prints},
archivePrefix = "arXiv",
   eprint = {0906.3752},
 keywords = {Astrophysics - Cosmology and Extragalactic Astrophysics, General Relativity and Quantum Cosmology},
     year = 2009,
    month = jun
}

@ARTICLE{Crowder:2005,
   author = {{Crowder}, J. and {Cornish}, N.~J.},
    title = "{Beyond LISA: Exploring future gravitational wave missions}",
  journal = {Phys. Rev. D},
   eprint = {arXiv:gr-qc/0506015},
     year = 2005,
    month = oct,
   volume = 72,
   number = 8,
    pages = {083005-+},
      doi = {10.1103/PhysRevD.72.083005}
}

@ARTICLE{Harry:2006,
   author = {{Harry}, G.~M. and {Fritschel}, P. and {Shaddock}, D.~A. and 
	{Folkner}, W. and {Phinney}, E.~S.},
    title = "{Laser interferometry for the Big Bang Observer}",
  journal = {Class. Quantum Grav.},
     year = 2006,
    month = aug,
   volume = 23,
    pages = {4887-4894},
      doi = {10.1088/0264-9381/23/15/008}
}

@ARTICLE{Ni:2009,
   author = {{Ni}, W.-T.},
    title = "{Super-ASTROD: probing primordial gravitational waves and mapping the outer solar system}",
  journal = {Class. Quantum Grav.},
archivePrefix = "arXiv",
   eprint = {0812.0887},
     year = 2009,
    month = apr,
   volume = 26,
   number = 7,
    pages = {075021-+},
      doi = {10.1088/0264-9381/26/7/075021}
}

@ARTICLE{Johann:2008,
   author = {{Johann}, U.~A. and {Ayre}, M. and {Gath}, P.~F. and {Holota}, W. and 
	{Marenaci}, P. and {Schulte}, H.~R. and {Weimer}, P. and {Weise}, D.
	},
    title = "{The European Space Agency's LISA mission study: status and present results}",
  journal = {Journal of Physics Conference Series},
     year = 2008,
    month = jul,
   volume = 122,
   number = 1,
    pages = {012005-+},
      doi = {10.1088/1742-6596/122/1/012005}
}

@online{LISATechReports,
  cited     = {3 September 2009},
  format    = {project homepage},
  keywords  = {LISA, Interferometry},
  publisher = {NASA},
  title     = {LISA: Laser Interferometer Space Antenna Project},
  url       = {http://lisa.gsfc.nasa.gov/documentation.html}
}

@ARTICLE{Aylott:2009,
   author = {{Aylott}, B. and {Baker}, J.~G. and {Boggs}, W.~D. and {Boyle}, M. and 
	{Brady}, P.~R. and {Brown}, D.~A. and {Br{\"u}gmann}, B. and 
	{Buchman}, L.~T. and {Buonanno}, A. and {Cadonati}, L. and {Camp}, J. and 
	{Campanelli}, M. and {Centrella}, J. and {Chatterji}, S. and 
	{Christensen}, N. and {Chu}, T. and {Diener}, P. and {Dorband}, N. and 
	{Etienne}, Z.~B. and {Faber}, J. and {Fairhurst}, S. and {Farr}, B. and 
	{Fischetti}, S. and {Guidi}, G. and {Goggin}, L.~M. and {Hannam}, M. and 
	{Herrmann}, F. and {Hinder}, I. and {Husa}, S. and {Kalogera}, V. and 
	{Keppel}, D. and {Kidder}, L.~E. and {Kelly}, B.~J. and {Krishnan}, B. and 
	{Laguna}, P. and {Lousto}, C.~O. and {Mandel}, I. and {Marronetti}, P. and 
	{Matzner}, R. and {McWilliams}, S.~T. and {Matthews}, K.~D. and 
	{Mercer}, R.~A. and {Mohapatra}, S.~R.~P. and {Mrou{\'e}}, A.~H. and 
	{Nakano}, H. and {Ochsner}, E. and {Pan}, Y. and {Pekowsky}, L. and 
	{Pfeiffer}, H.~a.~P. and {Pollney}, D. and {Pretorius}, F. and 
	{Raymond}, V. and {Reisswig}, C. and {Rezzolla}, L. and {Rinne}, O. and 
	{Robinson}, C. and {R{\"o}ver}, C. and {Santamar{\'{\i}}a}, L. and 
	{Sathyaprakash}, B. and {Scheel}, M.~A. and {Schnetter}, E. and 
	{Seiler}, J. and {Shapiro}, S.~L. and {Shoemaker}, D. and {Sperhake}, U. and 
	{Stroeer}, A. and {Sturani}, R. and {Tichy}, W. and {Liu}, Y.~T. and 
	{van der Sluys}, M. and {van Meter}, J.~R. and {Vaulin}, R. and 
	{Vecchio}, A. and {Veitch}, J. and {Vicer{\'e}}, A. and {Whelan}, J.~T. and 
	{Zlochower}, Y.},
    title = "{Testing gravitational-wave searches with numerical relativity waveforms: results from the first Numerical INJection Analysis (NINJA) project}",
  journal = {Class. Quantum Grav.},
archivePrefix = "arXiv",
   eprint = {0901.4399},
     year = 2009,
    month = aug,
   volume = 26,
   number = 16,
    pages = {165008-+},
      doi = {10.1088/0264-9381/26/16/165008}
}

@ARTICLE{Sheard:2003,
   author = {{Sheard}, B.~S. and {Gray}, M.~B. and {McClelland}, D.~E. and 
	{Shaddock}, D.~A.},
    title = "{Laser frequency stabilization by locking to a LISA arm}",
  journal = {Physics Letters A},
 keywords = {LISA, Gravitational wave detection, Laser frequency stabilization},
     year = 2003,
    month = dec,
   volume = 320,
    pages = {9-21},
      doi = {10.1016/S0375-9601(03)01657-8}
}

@article{Tinto:2005,
  author = {{Tinto}, M. and {Dhurandhar}, S. V.}, 
   title = "{Time Delay Interferometry}",
 journal = {Living Rev. Relativity},
    year = 2005,
   cited =  {03 September 2009},
onlineversion = {http://www.livingreviews.org/lrr-2005-4},
  volume = 8,
  number = 4
}

@ARTICLE{Abadie:2010a,
   author = {{Abadie, J. et~al. (LIGO Scientific Collaboration)},
    title = "{A search for gravitational waves associated with the August 2006 
timing glitch of the Vela pulsar}",
  journal = {ArXiv e-prints},
archivePrefix = "arXiv",
   eprint = {1011.1357},
 keywords = {Astrophysics - Cosmology and Extragalactic Astrophysics},
     year = 2010,
    month = nov
}

@article{Abadie:2010b,
   author = {Abadie, J. et~al. (LIGO Scientific Collaboration and the Virgo Collaboration)},  
    title = "{Search for Gravitational-wave Inspiral Signals Associated with Short Gamma-ray Bursts During LIGO's Fifth and Virgo's First Science Run}",
  journal = {Astrophys. J.},
archivePrefix = "arXiv",
   eprint = {1001.0165},
 primaryClass = "astro-ph.HE",
 keywords = {binaries: close, gamma-ray burst: general, gravitational waves},
     year = 2010,
    month = jun,
   volume = 715,
    pages = {1453-1461},
      doi = {10.1088/0004-637X/715/2/1453}
}

@ARTICLE{Abadie:2010c,
   author = {Abadie, J. et~al (LIGO Scientific Collaboration and the Virgo Collaboration)},
    title = "{Search for Gravitational Wave Bursts from Six Magnetars}",
  journal = {ArXiv e-prints},
archivePrefix = "arXiv",
   eprint = {1011.4079},
 primaryClass = "astro-ph.HE",
 keywords = {Astrophysics - High Energy Astrophysical Phenomena, General Relativity and Quantum Cosmology},
     year = 2010,
    month = nov
}

@ARTICLE{Abadie:2010d,
  author = {Abadie, J. et~al (LIGO Scientific Collaboration and the Virgo Collaboration)},
    title = "{All-sky search for gravitational-wave bursts in the first joint LIGO-GEO-Virgo run}",
  journal = {Phys. Rev. D},
archivePrefix = "arXiv",
   eprint = {1002.1036},
 primaryClass = "gr-qc",
 keywords = {Gravitational wave detectors and experiments, Data analysis: algorithms and implementation; data management, Relativity and gravitation, Gravitational radiation, magnetic fields, and other observations},
     year = 2010,
    month = may,
   volume = 81,
   number = 10,
    pages = {102001-+},
      doi = {10.1103/PhysRevD.81.102001}
}

@ARTICLE{Abadie:2010e,
   author = {Abadie, J. et~al (LIGO Scientific Collaboration and the Virgo Collaboration)},
    title = "{TOPICAL REVIEW:  Predictions for the rates of compact binary coalescences observable by ground-based gravitational-wave detectors}",
  journal = {Class. Quantum Grav.},
archivePrefix = "arXiv",
   eprint = {1003.2480},
 primaryClass = "astro-ph.HE",
     year = 2010,
    month = sep,
   volume = 27,
   number = 17,
    pages = {173001-+},
      doi = {10.1088/0264-9381/27/17/173001}
}

@ARTICLE{Abadie:2010f,
   author = {Abadie, J. et~al (LIGO Scientific Collaboration and the Virgo Collaboration)},
    title = "{Search for gravitational waves from compact binary coalescence in LIGO and Virgo data from S5 and VSR1}",
  journal = {Phys. Rev. D},
 keywords = {Gravitational radiation, magnetic fields, and other observations, Gravitational wave detectors and experiments, Data analysis: algorithms and implementation; data management, Binary and multiple stars},
     year = 2010,
    month = nov,
   volume = 82,
   number = 10,
    pages = {102001-+},
      doi = {10.1103/PhysRevD.82.102001}
}

@ARTICLE{Abadie:2010g,
   author = {Abadie, J. et~al (LIGO Scientific Collaboration and the Virgo Collaboration)},
    title = "{First Search for Gravitational Waves from the Youngest Known Neutron Star}",
  journal = {Astrophys. J.},
archivePrefix = "arXiv",
   eprint = {1006.2535},
 primaryClass = "gr-qc",
 keywords = {gravitational waves, stars: neutron, supernovae: individual: Cassiopeia A},
     year = 2010,
    month = oct,
   volume = 722,
    pages = {1504-1513},
      doi = {10.1088/0004-637X/722/2/1504}
}

@article{Grote:2010,
  author = {{Grote}, H. and {the LIGO Scientific Collaboration}},
    title = "{The GEO 600 status}",
  journal = {Class. Quantum Grav.},
     year = 2010,
    month = apr,
   volume = 27,
   number = 8,
    pages = {084003-+},
      doi = {10.1088/0264-9381/27/8/084003}
}

@article{Predoi:2010,
   author = {{Predoi}, V. and {Clark}, J. and {Creighton}, T. and {Daw}, E. and 
        {Fairhurst}, S. and {Heng}, I.~S. and {Kanner}, J. and {Regimbau}, T. and 
        {Shawhan}, P. and {Siemens}, X. and {Sutton}, P. and {Vecchio}, A. and 
        {White}, D. and {Woan}, G.},
    title = "{Prospects for joint radio telescope and gravitational-wave searches for astrophysical transients}",
  journal = {Class. Quantum Grav.},
archivePrefix = "arXiv",
   eprint = {0912.0476},
 primaryClass = "gr-qc",
     year = 2010,
    month = apr,
   volume = 27,
   number = 8,
    pages = {084018-+},
      doi = {10.1088/0264-9381/27/8/084018}
}

@ARTICLE{Pradier:2010,
   author = {{Pradier}, T. and {Antares Collaboration}},
    title = "{The Antares neutrino telescope and multi-messenger astronomy}",
  journal = {Class. Quantum Grav.},
archivePrefix = "arXiv",
   eprint = {1004.5579},
 primaryClass = "astro-ph.HE",
     year = 2010,
    month = oct,
   volume = 27,
   number = 19,
    pages = {194004-+},
      doi = {10.1088/0264-9381/27/19/194004}
}

@ARTICLE{Chassande:2010,
   author = {{Chassande-Mottin}, E. and {the Ligo Scientific Collaboration} and 
        {the Virgo Collaboration}},
    title = "{Joint searches for gravitational waves and high-energy neutrinos}",
  journal = {Journal of Physics Conference Series},
     year = 2010,
    month = aug,
   volume = 243,
   number = 1,
    pages = {012002-+},
      doi = {10.1088/1742-6596/243/1/012002}
}

@ARTICLE{Coward:2010,
   author = {{Coward}, D.~M. and {Todd}, M. and {Vaalsta}, T.~P. and {Laas-Bourez}, M. and 
        {Klotz}, A. and {Imerito}, A. and {Yan}, L. and {Luckas}, P. and 
        {Fletcher}, A.~B. and {Zadnik}, M.~G. and {Burman}, R.~R. and 
        {Blair}, D.~G. and {Zadko}, J. and {Bo{\"e}r}, M. and {Thierry}, P. and 
        {Howell}, E.~J. and {Gordon}, S. and {Ahmat}, A. and {Moore}, J.~A. and 
        {Frost}, K.},
    title = "{The Zadko Telescope: A Southern Hemisphere Telescope for Optical Transient Searches, Multi-Messenger Astronomy and Education}",
  journal = {Publications of the Astronomical Society of Australia},
archivePrefix = "arXiv",
   eprint = {1006.3933},
 primaryClass = "astro-ph.IM",
     year = 2010,
    month = sep,
   volume = 27,
    pages = {331-339},
      doi = {10.1071/AS09078}
}

@ARTICLE{Kanner:2008,
   author = {{Kanner}, J. and {Huard}, T.~L. and {M{\'a}rka}, S. and {Murphy}, D.~C. and 
        {Piscionere}, J. and {Reed}, M. and {Shawhan}, P.},
    title = "{LOOC UP: locating and observing optical counterparts to gravitational wave bursts}",
  journal = {Class. Quantum Grav.},
archivePrefix = "arXiv",
   eprint = {0803.0312},
     year = 2008,
    month = sep,
   volume = 25,
   number = 18,
    pages = {184034-+},
      doi = {10.1088/0264-9381/25/18/184034}
}

@ARTICLE{Aso:2008,
   author = {{Aso}, Y. and {M{\'a}rka}, Z. and {Finley}, C. and {Dwyer}, J. and 
        {Kotake}, K. and {M{\'a}rka}, S.},
    title = "{Search method for coincident events from LIGO and IceCube detectors}",
  journal = {Class. Quantum Grav.},
archivePrefix = "arXiv",
   eprint = {0711.0107},
     year = 2008,
    month = jun,
   volume = 25,
   number = 11,
    pages = {114039-+},
      doi = {10.1088/0264-9381/25/11/114039}
}

@INPROCEEDINGS{Phinney:2009,
   author = {{Phinney}, E.~S.},
    title = "{Finding and Using Electromagnetic Counterparts of Gravitational Wave Sources}",
booktitle = {astro2010: The Astronomy and Astrophysics Decadal Survey},
     year = 2009,
   series = {ArXiv Astrophysics e-prints},
   volume = 2010,
archivePrefix = "arXiv",
   eprint = {0903.0098},
 primaryClass = "astro-ph.CO",
    pages = {235-+}
}

@techreport{Marx:2010,
  author = {{Marx}, J. and {Whitcomb}, S. and {Blair}, D. and {Davidson}, J. and {Lazzarini}, A. and 
{McClelland}, D. and {Munch}, J. and {Reitze}, D. and {Shoemaker}, D. and {Weiss}, R.},
    year = {2010},
     url = {https://dcc.ligo.org/public/0011/M1000115/006/M1000115-v6-LIGO-AUS_WhitePaper.pdf},
organization = {LIGO},
   title = {Expanding the LIGO Network: The Case for Installing an Advanced LIGO Detector in Australia},
 address = {California Institute of Technology and Massachusetts Institute of Technology},
keywords = {Gravitational radiation, LIGO},
   cited = {24 November 2010},
      id = {LIGO-M1000115-v6}
}

@ARTICLE{Barriga:2010,
   author = {{Barriga}, P. and {Blair}, D.~G. and {Coward}, D. and {Davidson}, J. and 
        {Dumas}, {J.-C.} and {Howell}, E. and {Ju}, L. and {Wen}, L. and 
        {Zhao}, C. and {McClelland}, D.~E. and {Scott}, S.~M. and {Slagmolen}, B.~J.~J. and 
        {Inta}, R. and {Munch}, J. and {Ottaway}, D.~J. and {Veitch}, P. and 
        {Hosken}, D. and {Melatos}, A. and {Chung}, C. and {Sammut}, L. and 
        {Galloway}, D.~K. and {Marx}, J. and {Whitcomb}, S. and {Shoemaker}, D. and 
        {Hughes}, S.~A. and {Reitze}, D.~H. and {Iyer}, B.~R. and {Dhurandhar}, S.~V. and 
        {Souradeep}, T. and {Unnikrishnan}, C.~S. and {Rajalakshmi}, G. and 
        {Man}, C.~N. and {Heidmann}, A. and {Cohadon}, {P.-F.} and {Briant}, T. and 
        {Grote}, H. and {Danzmann}, K. and {L{\"u}ck}, H. and {Willke}, B. and 
        {Strain}, K.~A. and {Sathyaprakash}, B.~S. and {Cao}, J. and 
        {Cheung}, {Y.-K.~E.} and {Zhang}, Y.},
    title = "{AIGO: a southern hemisphere detector for the worldwide array of ground-based interferometric gravitational wave detectors}",
  journal = {Class. Quantum Grav.},
     year = 2010,
    month = apr,
   volume = 27,
   number = 8,
    pages = {084005-+},
      doi = {10.1088/0264-9381/27/8/084005}
}

@ARTICLE{Owen:2010,
   author = {{Owen}, B.~J.},
    title = "{How to adapt broad-band gravitational-wave searches for r-modes}",
  journal = {Phys. Rev. D},
archivePrefix = "arXiv",
   eprint = {1006.1994},
 primaryClass = "gr-qc",
     year = 2010,
    month = nov,
   volume = 82,
   number = 10,
    pages = {104002-+},
      doi = {10.1103/PhysRevD.82.104002}
}

@ARTICLE{Ng:2008,
   author = {{Ng}, {C.-Y.} and {Romani}, R.~W.},
    title = "{Fitting Pulsar Wind Tori. II. Error Analysis and Applications}",
  journal = {Astrophys. J.},
archivePrefix = "arXiv",
   eprint = {0710.4168},
     year = 2008,
    month = jan,
   volume = 673,
    pages = {411-417},
      doi = {10.1086/523935}
}

@ARTICLE{Jarosik:2010,
   author = {{Jarosik}, N. and {Bennett}, C.~L. and {Dunkley}, J. and {Gold}, B. and 
        {Greason}, M.~R. and {Halpern}, M. and {Hill}, R.~S. and {Hinshaw}, G. and 
        {Kogut}, A. and {Komatsu}, E. and {Larson}, D. and {Limon}, M. and 
        {Meyer}, S.~S. and {Nolta}, M.~R. and {Odegard}, N. and {Page}, L. and 
        {Smith}, K.~M. and {Spergel}, D.~N. and {Tucker}, G.~S. and 
        {Weiland}, J.~L. and {Wollack}, E. and {Wright}, E.~L.},
    title = "{Seven-Year Wilkinson Microwave Anisotropy Probe (WMAP) Observations: Sky Maps, Systematic Errors, and Basic Results}",
  journal = {ArXiv e-prints},
archivePrefix = "arXiv",
   eprint = {1001.4744},
 primaryClass = "astro-ph.CO",
 keywords = {Astrophysics - Cosmology and Extragalactic Astrophysics},
     year = 2010,
    month = jan
}

@article{Freise:2010,
  title    = {Interferometer Techniques for Gravitational-Wave Detection},
  author   = {{Freise}, A. and {Strain}, K.},
  journal  = {Living Reviews in Relativity},
  year     = {2010},
  number   = {1},
  volume   = {13},
  keywords = {Optics, Interferometer simulations, Gravitational waves, Finesse, Gravitational wave detectors, Laser interferometry},
  url      = {http://www.livingreviews.org/lrr-2010-1},
  cited    = {10 December 2010}
}

@INPROCEEDINGS{Agresti:2006,
   author = {{Agresti}, J. and {Castaldi}, G. and {DeSalvo}, R. and {Galdi}, V. and 
        {Pierro}, V. and {Pinto}, I.~M.},
    title = "{Optimized multilayer dielectric mirror coatings for gravitational wave interferometers}",
booktitle = {Society of Photo-Optical Instrumentation Engineers (SPIE) Conference Series},
     year = 2006,
   series = {Presented at the Society of Photo-Optical Instrumentation Engineers (SPIE) Conference},
   volume = 6286,
    month = sep,
      doi = {10.1117/12.678977}
}

@ARTICLE{Fairhurst:2010,
   author = {{Fairhurst}, S.},
    title = "{Source localization with an advanced gravitational wave detector network}",
  journal = {ArXiv e-prints},
archivePrefix = "arXiv",
   eprint = {1010.6192},
 primaryClass = "gr-qc",
 keywords = {General Relativity and Quantum Cosmology, Astrophysics - Cosmology and Extragalactic Astrophysics},
     year = 2010,
    month = oct
}

@ARTICLE{Hild:2010,
   author = {{Hild}, S. and {Abernathy}, M. and {Acernese}, F. and {Amaro-Seoane}, P. and 
        {Andersson}, N. and {Arun}, K. and {Barone}, F. and {Barr}, B. and 
        {Barsuglia}, M. and {Beker}, M. and {Beveridge}, N. and {Birindelli}, S. and 
        {Bose}, S. and {Bosi}, L. and {Braccini}, S. and {Bradaschia}, C. and 
        {Bulik}, T. and {Calloni}, E. and {Cella}, G. and {Chassande Mottin}, E. and 
        {Chelkowski}, S. and {Chincarini}, A. and {Clark}, J. and {Coccia}, E. and 
        {Colacino}, C. and {Colas}, J. and {Cumming}, A. and {Cunningham}, L. and 
        {Cuoco}, E. and {Danilishin}, S. and {Danzmann}, K. and {De Salvo}, R. and 
        {Dent}, T. and {De Rosa}, R. and {Di Fiore}, L. and {Di Virgilio}, A. and 
        {Doets}, M. and {Fafone}, V. and {Falferi}, P. and {Flaminio}, R. and 
        {Franc}, J. and {Frasconi}, F. and {Freise}, A. and {Friedrich}, D. and 
        {Fulda}, P. and {Gair}, J. and {Gemme}, G. and {Genin}, E. and 
        {Gennai}, A. and {Giazotto}, A. and {Glampedakis}, K. and {Gr{\"a}f}, C. and 
        {Granata}, M. and {Grote}, H. and {Guidi}, G. and {Gurkovsky}, A. and 
        {Hammond}, G. and {Hannam}, M. and {Harms}, J. and {Heinert}, D. and 
        {Hendry}, M. and {Heng}, I. and {Hennes}, E. and {Hough}, J. and 
        {Husa}, S. and {Huttner}, S. and {Jones}, G. and {Khalili}, F. and 
        {Kokeyama}, K. and {Kokkotas}, K. and {Krishnan}, B. and {Li}, T.~G.~F. and 
        {Lorenzini}, M. and {L{\"u}ck}, H. and {Majorana}, E. and {Mandel}, I. and 
        {Mandic}, V. and {Mantovani}, M. and {Martin}, I. and {Michel}, C. and 
        {Minenkov}, Y. and {Morgado}, N. and {Mosca}, S. and {Mours}, B and 
        {M{\"u}ller-Ebhardt}, H. and {Murray}, P. and {Nawrodt}, R. and 
        {Nelson}, J. and {Oshaughnessy}, R. and {Ott}, C.~D. and {Palomba}, C. and 
        {Paoli}, A. and {Parguez}, G. and {Pasqualetti}, A. and {Passaquieti}, R. and 
        {Passuello}, D. and {Pinard}, L. and {Plastino}, W. and {Poggiani1}, R. and 
        {Popolizio}, P. and {Prato}, M. and {Punturo}, M. and {Puppo}, P. and 
        {Rabeling}, D. and {Rapagnani}, P. and {Read}, J. and {Regimbau}, T. and 
        {Rehbein}, H. and {Reid}, S. and {Ricci}, F. and {Richard}, F. and 
        {Rocchi}, A. and {Rowan}, S. and {R{\"u}diger}, A. and {Santamar{\'{\i}}a}, L. and 
        {Sassolas}, B. and {Sathyaprakash}, B. and {Schnabel}, R. and 
        {Schwarz}, C. and {Seidel}, P. and {Sintes}, A. and {Somiya}, K. and 
        {Speirits}, F. and {Strain}, K. and {Strigin}, S and {Sutton}, P. and 
        {Tarabrin}, S. and {Th{\"u}ring}, A. and {van den Brand}, J. and 
        {van Veggel}, M. and {van den Broeck}, C. and {Vecchio}, A. and 
        {Veitch}, J. and {Vetrano}, F. and {Vicere}, A. and {Vyatchanin}, S. and 
        {Willke}, B. and {Woan}, G. and {Yamamoto}, K.},
    title = "{Sensitivity Studies for Third-Generation Gravitational Wave Observatories}",
  journal = {ArXiv e-prints},
archivePrefix = "arXiv",
   eprint = {1012.0908},
 primaryClass = "gr-qc",
 keywords = {General Relativity and Quantum Cosmology},
     year = 2010,
    month = dec
}
