@ARTICLE{GW151226,
   author = {{Abbott}, B.~P. and others},
    title = "{GW151226: Observation of Gravitational Waves from a 22-Solar-Mass Binary Black Hole Coalescence}",
  journal = {Phys. Rev. Lett.},
     year = 2016,
    month = jun,
   volume = 116,
   number = 24,
      eid = {241103},
    pages = {241103},
    doi = {10.1103/PhysRevLett.116.061102}
}
@article{GW150914,
   author = {{Abbott}, B.~P. and others},
    title = "{Observation of Gravitational Waves from a Binary Black Hole Merger}",
  journal = {Phys. Rev. Lett.},
 primaryClass = "gr-qc",
     year = 2016,
    month = feb,
   volume = 116,
   number = 6,
      eid = {061102},
    pages = {061102},
    doi = {10.1103/PhysRevLett.116.241103}
}
@article{Schnabel:2010,
  author   = {Schnabel, R. and Britzger, M. and Br{\"{u}}ckner, F. and Burmeister, O. and Danzmann, K. and D{\"{u}}ck, J. and Eberle, T. and Friedrich, D. and L{\"{u}}ck, H. and Mehmet, M. and Nawrodt, R. and Steinlechner, S. and Willke, B.},
  eprint   = {0912.3164},
  id       = {012029},
  journal  = {J. Phys.: Conf. Ser.},
  keywords = {Interferometer test masses, Lasers},
  title    = {Building blocks for future detectors: Silicon test masses and 1550 nm laser light},
  volume   = {228},
  year     = {2010}
}
@inproceedings{Greverie:2010,
  address    = {Washington, DC},
  author     = {Gr{\'{e}}verie, C. and Brillet, A. and Man, C.N. and Chaibi, W. and Coulon, J.P. and Feliksik, K.},
  booktitle  = {Lasers and Electro-Optics (CLEO) and Quantum Electronics and Laser Science Conference (QELS)},
  conference = {San Jose, CA, May 16\,--\,21, 2010},
  editor     = {},
  format     = {electronic},
  id         = {JTuD36},
  keywords   = {Gravitational wave detectors, VIRGO},
  publisher  = {IEEE},
  series     = {OSA Technical Digest},
  title      = {High power fiber amplifier for Advanced Virgo},
  year       = {2010}
}
@article{Alnis:2008,
  author   = {Alnis, J. and Matveev, A. and Kolachevsky, N. and Udem, T. and H{\"{a}}nsch, T.W.},
  doi      = {10.1103/PhysRevA.77.053809},
  id       = {053809},
  journal  = {Phys. Rev. A},
  keywords = {Lasers},
  title    = {Subhertz linewidth diode lasers by stabilization to vibrationally and thermally compensated ultralow-expansion glass Fabry-P\'{e}rot cavities},
  volume   = {77},
  year     = {2008}
}
@article{Notcutt:2006,
  author   = {Notcutt, M. and Ma, L.-S. and Ludlow, A.D. and Foreman, S.M. and Ye, J. and Hall, J.L.},
  id       = {031804},
  journal  = {Phys. Rev. A},
  keywords = {Thermal noise},
  title    = {Contribution of thermal noise to frequency stability of rigid optical cavity via Hertz-linewidth lasers},
  volume   = {73},
  year     = {2006}
}
@article{Rafac:2000,
  author   = {Rafac, R.J. and Young, B.C. and Beall, J.A. and Itano, W.M. and Wineland, D.J. and Bergquist, J.C.},
  doi      = {10.1103/PhysRevLett.85.2462},
  journal  = {Phys. Rev. Lett.},
  keywords = {Spectroscopy},
  pages    = {2462},
  title    = {Sub-dekahertz Ultraviolet Spectroscopy of $^{199}$Hg$^{+}$},
  volume   = {85},
  year     = {2000}
}
@article{Ludlow:2006,
  author   = {Ludlow, A.D. and Boyd, M.M. and Zelevinsky, T. and Foreman, S.M. and Blatt, S. and Notcutt, M. and Ido, T. and Ye, J.},
  doi      = {10.1103/PhysRevLett.96.033003},
  id       = {033003},
  journal  = {Phys. Rev. Lett.},
  keywords = {Atomic clocks},
  title    = {Systematic Study of the $^{87}$Sr Clock Transition in an Optical Lattice},
  volume   = {96},
  year     = {2006}
}
@article{Webster:2004,
  author   = {Webster, S.A. and Oxborrow, M. and Gill, P.},
  doi      = {10.1364/OL.29.001497},
  journal  = {Opt. Lett.},
  keywords = {Lasers},
  pages    = {1497--1499},
  title    = {Subhertz-linewidth Nd:YAG laser},
  volume   = {29},
  year     = {2004}
}
@article{Schmidt-Kaler:2003,
  author   = {Schmidt-Kaler, F. and Gulde, S. and Riebe, M. and Deuschle, T. and Kreuter, A. and Lancaster, G. and Becher, C. and Eschner, J. and H{\"{a}}ffner, H. and Blatt, H.},
  doi      = {10.1088/0953-4075/36/3/319},
  journal  = {J. Phys. B: At. Mol. Opt. Phys.},
  keywords = {Quantum mechanics, Quantum optics},
  pages    = {623},
  title    = {The coherence of qubits based on single Ca$^{+}$ ions},
  volume   = {36},
  year     = {2003}
}
@article{Weiss:1965,
  author   = {Weiss, R. and Block, B.},
  journal  = {J. Geophys. Res.},
  keywords = {Gravitational wave detectors},
  number   = {22},
  pages    = {6515--5627},
  title    = {A Gravimeter to Monitor the $_{0}S_{0}$ Dilational Mode of the Earth},
  volume   = {70},
  year     = {1965}
}
@article{Glauber:1963,
  author   = {Glauber, R.J.},
  doi      = {10.1103/PhysRev.131.2766},
  journal  = {Phys. Rev.},
  keywords = {Gravitational wave detectors, Laser frequency stabilization},
  pages    = {2766},
  title    = {Coherent and Incoherent States of the Radiation Field},
  volume   = {131},
  year     = {1963}
}
@article{Vinet:2009,
  author   = {Vinet, J.-Y.},
  cited    = {25 January 2011},
  id       = {lrr-2009-5},
  journal  = {Living Rev. Relativity},
  keywords = {Gravitational wave detectors, Laser beams, Thermal noise},
  title    = {On Special Optical Modes and Thermal Issues in Advanced Gravitational Wave Interferometric Detectors},
  url      = {http://www.livingreviews.org/lrr-2009-5},
  volume   = {12},
  year     = {2009}
}
@article{Martin:2008,
  author   = {Martin, I.W. and Armandula, H. and Comtet, C. and Fejer, M.M. and Gretarsson, A. and Harry, G. and Hough, J. and Mackowski, J.-M.M. and MacLaren, I. and Michel, C. and Montorio, J.-L. and Morgado, N. and Nawrodt, R. and Penn, S. and Reid, S. and Remillieux, A. and Route, R. and Rowan, S. and Schwarz, C. and Seidel, P. and Vodel, W. and Zimmer, A.},
  doi      = {10.1088/0264-9381/25/5/055005},
  eprint   = {0802.2686},
  id       = {055005},
  journal  = {Class. Quantum Grav.},
  keywords = {Dissipation, Mirror coatings, Thermal noise},
  title    = {Measurements of a low-temperature mechanical dissipation peak in a single layer of Ta$_{2}$O$_{5}$ doped with TiO$_{2}$},
  volume   = {25},
  year     = {2008}
}
@article{Wilke:2008,
  author   = {Willke, B. and Danzmann, K. and Frede, M. and King, P. and Kracht, D. and Kwee, P. and Puncken, O. and Savage Jr, R.L. and Schulz, B. and Seifert, F. and Veltkamp, C. and Wagner, S. and We{\ss}els, P. and Winkelmann, L.},
  doi      = {10.1088/0264-9381/25/11/114040},
  id       = {114040},
  journal  = {Class. Quantum Grav.},
  keywords = {Gravitational wave detectors, Laser frequency stabilization},
  title    = {Stabilized lasers for advanced gravitational wave detectors},
  volume   = {25},
  year     = {2008}
}
@article{Mavalvala:2010,
  author   = {Mavalvala, N. and McClelland, D.E. and Mueller, G. and Reitze, D.H. and Schnabel, R. and Willke, B.},
  doi      = {10.1007/s10714-010-1023-3},
  journal  = {Gen. Relativ. Gravit.},
  keywords = {Gravitational wave detectors},
  pages    = {1--24},
  title    = {Looking towards third generation gravitational wave detectors},
  volume   = {25},
  year     = {2010}
}
@article{Frede:2005,
  author   = {Frede, M. and Wilhelm, R. and Kracht, D. and Fallnich, C.},
  doi      = {10.1364/OPEX.13.007516},
  journal  = {Opt. Express},
  keywords = {Lasers},
  pages    = {7516--7519},
  title    = {Nd:YAG ring laser with 213 W linearly polarized fundamental mode output power},
  volume   = {13},
  year     = {2005}
}
@article{Frede:2007,
  author   = {Frede, M. and Schulz, B. and Wilhelm, R. and Kwee, P. and Seifert, F. and Willke, B. and Kracht, D.},
  doi      = {10.1364/OE.15.000459},
  journal  = {Opt. Express},
  keywords = {Gravitational wave detectors, Lasers},
  pages    = {459--465},
  title    = {Fundamental mode, single-frequency laser amplifier for gravitational wave detectors},
  volume   = {15},
  year     = {2007}
}
@inproceedings{Rowan:2003,
  address    = {Bellingham, WA},
  author     = {Rowan, S. and Byer, R.L. and Fejer, M.M. and Route, R.K. and Cagnoli, G. and Crooks, D.R. and Hough, J. and Sneddon, P.H. and Winkler, W.},
  booktitle  = {Gravitational-Wave Detection},
  conference = {Waikoloa, HI, USA, 23 August 2002},
  doi        = {10.1117/12.459019},
  editor     = {Cruise, M. and Saulson, P.},
  keywords   = {Gravitational wave detectors, Interferometer test masses},
  pages      = {292--297},
  publisher  = {SPIE},
  series     = {Proc. SPIE},
  title      = {Test Mass Materials for a New Generation of Gravitational Wave Detectors},
  volume     = {4856},
  year       = {2003}
}
@article{Green:1995,
  author   = {Green, M.A. and Keevers, M.J.},
  doi      = {10.1002/pip.4670030303},
  journal  = {Prog. Photovolt: Res. Appl.},
  keywords = {Interferometer test masses},
  pages    = {189--192},
  title    = {Optical properties of intrinsic silicon at 300 K},
  volume   = {3},
  year     = {1995}
}
@article{Luck:2004,
  author   = {L{\"{u}}ck, H. and Freise, A. and Go{\ss}ler, S. and Hild, S. and Kawabe, K. and Danzmann, K.},
  doi      = {10.1088/0264-9381/21/5/090},
  journal  = {Class. Quantum Grav.},
  keywords = {Thermal compensation},
  pages    = {S985--S989},
  title    = {Thermal correction of the radii of curvature of mirrors for GEO 600},
  volume   = {21},
  year     = {2004}
}
@article{Lawrence:2002,
  author   = {Lawrence, R. and Zucker, M. and Fritschel, P. and Marfuta, P. and Shoemaker, D.},
  doi      = {10.1088/0264-9381/19/7/377},
  journal  = {Class. Quantum Grav.},
  keywords = {LIGO, Thermal compensation},
  pages    = {1803--1812},
  title    = {Adaptive thermal compensation of test masses in Advanced LIGO},
  volume   = {19},
  year     = {2002}
}
@article{Waldman:2006,
  author        = {Waldman, S.J. and others},
  collaboration = {LIGO Science Collaboration},
  doi           = {10.1088/0264-9381/23/19/S03},
  journal       = {Class. Quantum Grav.},
  keywords      = {Gravitational wave detectors, LIGO},
  pages         = {S653--S660},
  title         = {Status of LIGO at the start of the fifth science run},
  volume        = {23},
  year          = {2006}
}
@article{Braginsky:2001,
  author   = {Braginsky, V.B. and Strigin, S.E. and Vyatchanin, S.P.},
  doi      = {10.1016/S0375-9601(01)00510-2},
  journal  = {Phys. Lett. A},
  keywords = {Fabry-P{\'{e}}rot interferometer, Interferometry},
  pages    = {331--338},
  title    = {Parametric oscillatory instability in Fabry--Perot interferometer},
  volume   = {287},
  year     = {2001}
}
@article{Braccini:1993,
  author   = {Braccini, S. and Bradaschia, C. and Cobal, M. and Del Fabbro, R. and Di Virgilio, A. and Flaminio, R. and Giazotto, A. and Kautzky, H. and Morganti, M. and Passuello, D. and Calloni, E. and Di Fiore, L. and Holloway, L.E. and Montelatici, V.},
  doi      = {10.1063/1.1144249},
  journal  = {Rev. Sci. Instrum.},
  keywords = {Seismic noise, VIRGO},
  pages    = {310--313},
  title    = {An improvement in the VIRGO Super Attenuator for interferometric detection of gravitational waves: The use of a magnetic antispring},
  volume   = {64},
  year     = {1993}
}
@article{Thorne:1998,
  author   = {Hughes, S.A. and Thorne, K.S.},
  doi      = {10.1103/PhysRevD.58.122002},
  id       = {122002},
  journal  = {Phys. Rev. D},
  keywords = {Gravitational wave detectors, Gravity gradient noise, Interferometric gravitational wave detectors, Noise, Seismic noise},
  numpages = {27},
  title    = {Seismic gravity-gradient noise in interferometric gravitational-wave detectors},
  volume   = {58},
  year     = {1998}
}
@article{Beccaria,
  author   = {Beccaria, M. and Bernardini, M. and Braccini, S. and Bradaschia, C. and Bozzi, A. and Casciano, C. and Cella, G. and Ciampa, A. and Cuoco, E. and Curci, G. and D'Ambrosio, E. and Dattilo, V. and DeCarolis, G. and DeSalvo, R. and Di Virgilio, A. and Delapierre, A. and Enard, D. and Errico, A. and Feng, G. and Ferrante, I. and Fidecaro, F. and Frasconi, F. and Gaddi, A. and Gennai, A. and Gennaro, G. and Giazotto, A. and La Penna, P. and Losurdo, G. and Maggiore, M. and Mancini, S. and Palla, F. and Pan, H.B. and Paoletti, F. and Pasqualetti, A. and Passaquieti, R. and Passuello, D. and Poggiani, R. and Popolizio, P. and Raffaelli, F. and Rapisarda, S. and Vicer{\'{e}}, A. and Zhang, Z.},
  doi      = {10.1088/0264-9381/15/11/004},
  journal  = {Class. Quantum Grav.},
  keywords = {Gravitational wave detectors, Noise, Seismic noise, VIRGO},
  pages    = {3339--3362},
  title    = {Relevance of Newtonian seismic noise for the VIRGO interferometer sensitivity},
  volume   = {15},
  year     = {1998}
}
@article{Beker:2011,
  author   = {Beker, M.G. and Cella, G. and DeSalvo, R. and Doets, M. and Grote, H. and Harms, J. and Hennes, E. and Mandic, V. and Rabeling, D.S. and van den Brand, J.F.G. and van Leeuwen, C.M.},
  doi      = {10.1007/s10714-010-1011-7},
  journal  = {Gen. Relativ. Gravit.},
  keywords = {Gravitational wave detectors, Gravity gradient noise, Seismic noise},
  pages    = {623--656},
  title    = {Improving the sensitivity of future GW observatories in the 1--10 Hz band: Newtonian and seismic noise},
  volume   = {43},
  year     = {2011}
}
@article{Loudon:1981,
  author   = {Loudon, R.},
  doi      = {10.1103/PhysRevLett.47.815},
  journal  = {Phys. Rev. Lett.},
  keywords = {Gravitational wave detectors, Interferometry, Noise, Standard quantum limit},
  pages    = {815--818},
  title    = {Quantum limit on the Michelson interferometer used for gravitational-wave detection},
  volume   = {47},
  year     = {1981}
}
@inproceedings{Unruh:1983,
  address    = {New York},
  author     = {Unruh, W.G.},
  booktitle  = {Quantum Optics, Experimental Gravitation, and Measurement Theory},
  conference = {Proceedings of the NATO Advanced Study Institute on Quantum Optics and Experimental General Relativity, August 1981, Bad Windsheim, Germany},
  editor     = {Meystre, P. and Scully, M.O.},
  keywords   = {Quantum optics},
  publisher  = {Plenum Press},
  series     = {NATO ASI Series B},
  title      = {Quantum Noise in the Interferometer Detector},
  volume     = {94},
  year       = {1983}
}
@article{Vyatchanin:1993,
  author   = {Vyatchanin, S.P. and Matsko, A.B.},
  journal  = {J. Exp. Theor. Phys.},
  keywords = {Standard quantum limit},
  pages    = {218--221},
  title    = {Quantum limit on force measurements},
  volume   = {77},
  year     = {1993}
}
@article{Braginsky:1996,
  author   = {Braginsky, V.B. and Khalili, F.Y.},
  doi      = {10.1016/0375-9601(96)00440-9},
  journal  = {Phys. Lett. A},
  keywords = {Gravitational wave detectors},
  pages    = {167--174},
  title    = {Nonlinear meter for the gravitational wave antenna},
  volume   = {218},
  year     = {1996}
}
@article{Braginsky:1997,
  author   = {Braginsky, V.B. and Gorodetsky, M.L.},
  doi      = {10.1016/S0375-9601(97)00413-1},
  journal  = {Phys. Lett. A},
  keywords = {Gravitational wave detectors},
  pages    = {340--348},
  title    = {Optical bars in gravitational wave antenna},
  volume   = {232},
  year     = {1997}
}
@article{Kimble:2001,
  author   = {Kimble, H.J. and Levin, Y. and Matsko, A.B. and Thorne, K.S. and Vyatchanin, S.P.},
  doi      = {10.1103/PhysRevD.65.022002},
  id       = {022002},
  journal  = {Phys. Rev. D},
  keywords = {Interferometric gravitational wave detectors},
  title    = {Conversion of conventional gravitational-wave interferometers into quantum nondemolition interferometers by modifying their input and/or output optics},
  volume   = {65},
  year     = {2002}
}
@article{Corbitt:2004,
  author   = {Corbitt, T. and Mavalvala, N.},
  doi      = {10.1088/1464-4266/6/8/008},
  journal  = {J. Opt. B: Quantum Semiclass. Opt.},
  keywords = {Interferometric gravitational wave detectors, Quantum noise},
  pages    = {S675--S683},
  title    = {Review: Quantum noise in gravitational-wave interferometers},
  volume   = {65},
  year     = {2004}
}
@article{Corbitt:2006,
  author   = {Corbitt, T. and Mavalvala, N.},
  doi      = {10.1103/PhysRevA.74.021802},
  id       = {021802},
  journal  = {Phys. Rev. A},
  keywords = {Fabry-P{\'{e}}rot interferometer},
  title    = {Measurement of radiation-pressure-induced optomechanical dynamics in a suspended Fabry-Perot cavity},
  volume   = {74},
  year     = {2006}
}
@article{Sakata:2006,
  author   = {Sakata, S. and Kawamura, S. and Sato, S. and Somiya, K. and Arai, K. and Fukushima, M. and Sugamoto, A.},
  doi      = {10.1088/1742-6596/32/1/071},
  journal  = {J. Phys.: Conf. Ser.},
  keywords = {Interferometer readout, Interferometry},
  pages    = {464--469},
  title    = {Development of a control scheme of homodyne detection for extracting ponderomotive squeezing from a Michelson interferometer},
  volume   = {32},
  year     = {2006}
}
@article{Vahlbruch:2006,
  author   = {Vahlbruch, H. and Khalaidovski, A. and Lastzka, N. and Gr{\"{a}}f, C. and Danzmann, K. and Schnabel, R.},
  doi      = {10.1103/PhysRevLett.97.011101},
  eprint   = {arXiv:0707.0164},
  id       = {011101},
  journal  = {Phys. Rev. Lett.},
  keywords = {Squeezed light},
  title    = {Coherent Control of Vacuum Squeezing in the Gravitational-Wave Detection Band},
  volume   = {97},
  year     = {2006}
}
@article{Cunningham:2010,
  author   = {Cunningham, L. and Murray, P.G. and Cumming, A. and Elliffe, E.J. and Hammond, G.D. and Haughian, K. and Hough, J. and Hendry, M. and Jones, R. and Martin, I.W. and Reid, S. and Rowan, S. and Scott, J. and Strain, K.A. and Tokmakov, K. and Torrie, C. and van Veggel, A.A.},
  doi      = {10.1016/j.physleta.2010.07.049},
  journal  = {Phys. Lett. A},
  keywords = {Gravitational wave detectors, Mechanical loss},
  pages    = {3993--3998},
  title    = {Re-evaluation of the mechanical loss factor of hydroxide-catalysis bonds and its significance for the next generation of gravitational wave detectors},
  volume   = {374},
  year     = {2010}
}
@article{Punturo:2010,
  author   = {Punturo, M. and Abernathy, M. and Acernese, F. and Allen, B. and Andersson, N. and Arun, K. and Barone, F. and Barr, B. and Barsuglia, M. and Beker, M. and Beveridge, N. and Birindelli, S. and Bose, S. and Bosi, L. and Braccini, S. and Bradaschia, C. and Bulik, T. and Calloni, E. and Cella, G. and Chassande Mottin, E. and Chelkowski, S. and Chincarini, A. and Clark, J. and Coccia, E. and Colacino, C. and Colas, J. and Cumming, A. and Cunningham, L. and Cuoco, E. and Danilishin, S. and Danzmann, K. and De Luca, G. and DeSalvo, R. and Dent, T. and De Rosa, R. and Di Fiore, L. and Di Virgilio, A. and Doets, M. and Fafone, V. and Falferi, P. and Flaminio, R. and Franc, J. and Frasconi, F. and Freise, A. and Fulda, P. and Gair, J. and Gemme, G. and Gennai, A. and Giazotto, A. and Glampedakis, K. and Granata, M. and Grote, H. and Guidi, G. and Hammond, G. and Hannam, M. and Harms, J. and Heinert, D. and Hendry, M. and Heng, I. and Hennes, E. and Hild, S. and Hough, J. and Husa, S. and Huttner, S. and Jones, G. and Khalili, F. and Kokeyama, K. and Kokkotas, K. and Krishnan, B. and Lorenzini, M. and L{\"{u}}ck, H. and Majorana, E. and Mandel, I. and Mandic, V. and Martin, I. and Michel, C. and Minenkov, Y. and Morgado, N. and Mosca, S. and Mours, B. and M{\"{u}}ller-Ebhardt, H. and Murray, P. and Nawrodt, R. and Nelson, J. and Oshaughnessy, R. and Ott, C.D. and Palomba, C. and Paoli, A. and Parguez, G. and Pasqualetti, A. and Passaquieti, R. and Passuello, D. and Pinard, L. and Poggiani, R. and Popolizio, P. and Prato, M. and Puppo, P. and Rabeling, D. and Rapagnani, P. and Read, J. and Regimbau, T. and Rehbein, H. and Reid, S. and Rezzolla, L. and Ricci, F. and Richard, F. and Rocchi, A. and Rowan, S. and R{\"{u}}diger, A. and Sassolas, B. and Sathyaprakash, B. and Schnabel, R. and Schwarz, C. and Seidel, P. and Sintes, A. and Somiya, K. and Speirits, F. and Strain, K. and Strigin, S. and Sutton, P. and Tarabrin, S. and Th{\"{u}}ring, A. and van den Brand, J. and van Leewen, C. and van Veggel, M. and van den Broeck, C. and Vecchio, A. and Veitch, J. and Vetrano, F. and Vicere, A. and Vyatchanin, S. and Willke, B. and Woan, G. and Wolfango, P. and Yamamoto, K.},
  doi      = {10.1088/0264-9381/27/19/194002},
  id       = {194002},
  journal  = {Class. Quantum Grav.},
  keywords = {Einstein Telescope, Gravitational wave detectors},
  title    = {The Einstein Telescope: a third-generation gravitational wave observatory},
  volume   = {27},
  year     = {2010}
}
@inproceedings{Janssen:2008,
  address    = {Melville, NY},
  author     = {Janssen, G.H. and Stappers, B.W. and Kramer, M. and Purver, M. and Jessner, A. and Cognard, I.},
  booktitle  = {40 Years of Pulsars: Millisecond Pulsars, Magnetars and More},
  conference = {Montreal, Canada, 12\,--\,17 August 2007},
  doi        = {10.1063/1.2900317},
  editor     = {Bassa, C. and Wang, Z. and Cumming, A. and Kaspi, V.M.},
  keywords   = {Pulsars, Pulsar timing arrays},
  pages      = {633--635},
  publisher  = {American Institute of Physics},
  series     = {AIP Conference Proceedings},
  title      = {European Pulsar Timing Array},
  volume     = {983},
  year       = {2008}
}
@article{Jenet:2006,
  author   = {Jenet, F.A. and Hobbs, G.B. and van Straten, W. and Manchester, R.N. and Bailes, M. and Verbiest, J.P.W. and Edwards, R.T. and Hotan, A.W. and Sarkissian, J.M. and Ord, S.M.},
  doi      = {10.1086/508702},
  journal  = {Astrophys. J.},
  keywords = {Pulsars, Pulsar timing arrays},
  pages    = {1571--1576},
  title    = {Upper bounds on the low-frequency stochastic gravitational wave background from pulsar timing observations: current limits and future prospects},
  volume   = {653},
  year     = {2006}
}
@preprint{Jenet:2009,
  archiveprefix = {arXiv},
  author        = {Jenet, F. and Finn, L.S. and Lazio, J. and Lommen, A. and McLaughlin, M. and Stairs, I. and Stinebring, D. and Verbiest, J. and Archibald, A. and Arzoumanian, Z. and Backer, D. and Cordes, J. and Demorest, P. and Ferdman, R. and Freire, P. and Gonzalez, M. and Kaspi, V. and Kondratiev, V. and Lorimer, D. and Lynch, R. and Nice, D. and Ransom, S. and Shannon, R. and Siemens, X.},
  eprint        = {0909.1058},
  keywords      = {Pulsars, Pulsar timing arrays},
  primaryclass  = {astro-ph.IM},
  title         = {The North American Nanohertz Observatory for Gravitational Waves},
  year          = {2009}
}
@article{Hobbs:2008,
  author       = {Hobbs, G.B. and Bailes, M. and Bhat, N.D.R. and Burke-Spolaor, S. and Champion, D.J. and Coles, W. and Hotan, A. and Jenet, F. and Keziora-Chudczer, L. and Khoo, J. and Lee, K.J. and Lommen, A. and Manchester, R.N. and Reynolds, J. and Sarkissian, J. and van Straten, W. and To, S. and Verbiest, J.P.W. and Yardley, D. and You, X.P.},
  doi          = {10.1071/AS08023},
  eprint       = {arXiv:0812.2721},
  journal      = {Publ. Astron. Soc. Australia},
  keywords     = {Pulsars, Pulsar timing arrays},
  pages        = {103--109},
  primaryclass = {astro-ph},
  title        = {Gravitational-Wave Detection Using Pulsars: Status of the Parkes Pulsar Timing Array Project},
  volume       = {26},
  year         = {2008}
}
@book{Bartusiak:2000,
  address   = {Washington, DC},
  author    = {Bartusiak, M.},
  gbs_id    = {6i6N8wYQ1jkC},
  keywords  = {Einstein, General relativity, Gravitational waves},
  publisher = {Joseph Henry Press},
  title     = {Einstein's Unfinished Symphony: Listening to the Sounds of Space-Time},
  year      = {2000}
}
@book{Schutz:2003,
  address   = {Cambridge},
  author    = {Schutz, B.F.},
  keywords  = {General relativity},
  publisher = {Cambridge University Press},
  title     = {Gravity from the Ground Up: An Introductory Guide to Gravity and General Relativity},
  year      = {2003}
}
@article{Holtz:2005,
  author   = {Holtz, D.E. and Hughes, S.A.},
  doi      = {10.1086/431341},
  eprint   = {astro-ph/0504616},
  journal  = {Astrophys. J.},
  keywords = {Gravitational wave sources, Standard sirens},
  pages    = {15--22},
  title    = {Using gravitational-wave standard sirens},
  volume   = {629},
  year     = {2005}
}
@article{Abbott:2002,
  author   = {Abbott, R. and Adhikari, R. and Allen, G. and Cowley, S. and Daw, E. and DeBra, D. and Giaime, J. and Hammond, G. and Hammond, M. and Hardham, C. and How, J. and Hua, W. and Johnson, W. and Lantz, B. and Mason, K. and Mittleman, R. and Nichol, J. and Richman, S. and Rollins, J. and Shoemaker, D. and Stapfer, G. and Stebbins, R.},
  doi      = {10.1088/0264-9381/19/7/349},
  journal  = {Class. Quantum Grav.},
  keywords = {LIGO, Seismic noise},
  pages    = {1591--1597},
  title    = {Seismic isolation for Advanced LIGO},
  volume   = {19},
  year     = {2002}
}
@article{Nakagawa:2002,
  author   = {Nakagawa, N. and Gretarsson, A.M. and Gustafson, E.K. and Fejer, M.M.F.},
  doi      = {10.1103/PhysRevD.65.102001},
  eprint   = {gr-qc/0105046},
  id       = {102001},
  journal  = {Phys. Rev. D},
  keywords = {Mechanical loss, Thermal noise},
  numpages = {7},
  title    = {Thermal noise in half-infinite mirrors with nonuniform loss: A slab of excess loss in a half-infinite mirror},
  volume   = {65},
  year     = {2002}
}
@article{Harry:2002,
  author   = {Harry, G.M. and Gretarsson, A.M. and Saulson, P.R. and Kittelberger, S.E. and Penn, S.D. and Startin, W.J. and Rowan, S. and Fejer, M.M.F. and Crooks, D.R.M. and Cagnoli, G. and Hough, J. and Nakagawa, N.},
  doi      = {10.1088/0264-9381/19/5/305},
  eprint   = {gr-qc/0109073},
  journal  = {Class. Quantum Grav.},
  keywords = {Mirror coatings, Thermal noise},
  pages    = {897--917},
  title    = {Thermal noise in interferometric gravitational wave detectors due to dielectric optical coatings},
  volume   = {65},
  year     = {2002}
}
@article{Crooks:2002,
  author   = {Crooks, D.R.M. and Sneddon, P. and Cagnoli, G. and Hough, J. and Rowan, S. and Fejer, M.M. and Gustafson, E. and Route, R. and Nakagawa, N. and Coyne, D. and Harry, G.M. and Gretarsson, A.M.},
  doi      = {10.1088/0264-9381/19/15/502},
  journal  = {Class. Quantum Grav.},
  keywords = {Mirror coatings, Thermal noise},
  pages    = {883--896},
  title    = {Excess mechanical loss associated with dielectric mirror coatings on test masses in interferometric gravitational wave detectors},
  volume   = {19},
  year     = {2002}
}
@article{Weber1,
  author   = {Weber, J.},
  doi      = {10.1103/PhysRevLett.22.1320},
  journal  = {Phys. Rev. Lett.},
  keywords = {Gravitational radiation},
  pages    = {1320--1324},
  title    = {Evidence for Discovery of Gravitational Radiation},
  volume   = {22},
  year     = {1969}
}
@article{Weber2,
  author   = {Weber, J.},
  doi      = {10.1103/PhysRevLett.25.180},
  journal  = {Phys. Rev. Lett.},
  keywords = {Gravitational radiation, Gravitational wave detectors},
  pages    = {180--184},
  title    = {Anisotropy and Polarization in the Gravitational-Radiation Experiments},
  volume   = {25},
  year     = {1970}
}
@article{Tyson,
  author   = {Tyson, J.A. and Giffard, R.P.},
  doi      = {10.1146/annurev.aa.16.090178.002513},
  journal  = {Annu. Rev. Astron. Astrophys.},
  keywords = {Gravitational wave astronomy},
  pages    = {521--554},
  title    = {Gravitational-Wave Astronomy},
  volume   = {16},
  year     = {1978}
}
@incollection{Douglass,
  address   = {Cambridge; New York},
  author    = {Douglass, D.H. and Braginsky, V.B.},
  booktitle = {General Relativity: An Einstein Centenary Survey},
  editor    = {Hawking, S.W. and Israel, W.},
  keywords  = {Gravitational radiation, Gravitational wave detectors},
  pages     = {90--137},
  publisher = {Cambridge University Press},
  title     = {Gravitational-radiation experiments},
  year      = {1979}
}
@inproceedings{Astone,
  address    = {Singapore; River Edge, NJ},
  author     = {Pallottino, G.V.},
  booktitle  = {Second Edoardo Amaldi Conference on Gravitational Waves},
  conference = {Proceedings of the conference held at CERN, Switzerland, 1\,--\,4 July, 1997},
  editor     = {Coccia, E. and Veneziano, G. and Pizzella, G.},
  keywords   = {Gravitational radiation, Gravitational wave detectors},
  pages      = {105--114},
  publisher  = {World Scientific},
  series     = {Edoardo Amaldi Foundation Series},
  title      = {The Resonant Mass Detectors of the Rome Group},
  volume     = {4},
  year       = {1998}
}
@inproceedings{Prodi,
  address       = {Singapore; River Edge, NJ},
  author        = {Prodi, G.A. and Conti, L. and Mezzena, R. and Vitale, S. and Taffarello, L. and Zendri, J.P. and Baggio, L. and Cerdonio, M. and Colombo, A. and Crivelli Visconti, V. and Macchietto, R. and Falferi, P. and Bonaldi, M. and Ortolan, A. and Vedovato, G. and Cavallini, E. and Fortini, P.},
  booktitle     = {Second Edoardo Amaldi Conference on Gravitational Waves},
  cited         = {2 December 2004},
  conference    = {Proceedings of the conference held at CERN, Switzerland, 1\,--\,4 July, 1997},
  editor        = {Coccia, E. and Veneziano, G. and Pizzella, G.},
  keywords      = {Gravitational radiation, Gravitational wave detectors},
  onlineversion = {http://www.auriga.lnl.infn.it/auriga/papers_src/amaldi97_prodi.ps.gz},
  pages         = {148--158},
  publisher     = {World Scientific},
  series        = {Edoardo Amaldi Foundation Series},
  title         = {Initial Operation of the Gravitational Wave Detector AURIGA},
  volume        = {4},
  year          = {1998}
}
@article{Amaldi,
  adsurl   = {http://adsabs.harvard.edu/abs/1989A&A...216..325A},
  author   = {Amaldi, E. and Aguiar, O. and Bassan, M. and Bonifazi, P. and Carelli, P. and Castellano, M.G. and Cavallari, G. and Coccia, E. and Cosmelli, C. and Fairbank, W.M. and Frasca, S. and Foglietti, V. and Habel, R. and Hamilton, W.O. and Henderson, J. and Johnson, W.W. and Lane, K.R. and Mann, A.G. and McAshan, M.S. and Michelson, P.F. and Modena, I. and Palletino, G.V. and Pizzella, G. and Price, J.C. and Rapagnani, R. and Ricci, F. and Solomonson, N. and Stevenson, T.R. and Taber, R.C. and Xu, B.-X.},
  journal  = {Astron. Astrophys.},
  keywords = {Cryogenic gravitational wave detectors, Gravitational radiation, Gravitational wave detectors},
  pages    = {325--332},
  title    = {First gravity wave coincident experiment between resonant cryogenic detectors: Louisiana-Rome-Stanford},
  volume   = {216},
  year     = {1989}
}
@article{Heng,
  author   = {Heng, I.S. and Blair, D.G. and Ivanov, E.N. and Tobar, M.E.},
  doi      = {10.1016/0375-9601(96)00409-4},
  journal  = {Phys. Lett. A},
  keywords = {Gravitational radiation, Gravitational wave detectors},
  pages    = {190--196},
  title    = {Long term operation of a niobium resonant bar gravitational wave antenna},
  volume   = {218},
  year     = {1996}
}
@article{Forward,
  author   = {Moss, G.E. and Miller, L.R. and Forward, R.L.},
  doi      = {10.1364/AO.10.002495},
  journal  = {Appl. Opt.},
  keywords = {Gravitational radiation, Gravitational wave detectors, Interferometry},
  pages    = {2495},
  title    = {Photon-noise-limited laser transducer for gravitational antenna},
  volume   = {10},
  year     = {1971}
}
@techreport{Weiss,
  address   = {Cambridge, MA},
  author    = {Weiss, R.},
  id        = {105:54--76},
  keywords  = {Gravitational radiation, Gravitational wave detectors, Interferometry},
  publisher = {Research Lab. Electron., MIT},
  series    = {Quart. Progr. Rep.},
  title     = {Electromagnetically Coupled Broadband Gravitational Antenna},
  year      = {1972}
}
@inproceedings{Drever1,
  address      = {New York},
  author       = {Drever, R.W.P. and Hough, J. and Edelstein, W.A. and Pugh, J.R. and Martin, W.},
  booktitle    = {Experimental Gravitation (Gravitazione Sperimentale)},
  conference   = {Proceedings of the International Meeting, Pavia, 17\,--\,20 September 1976},
  editor       = {Bertotti, B.},
  keywords     = {Gravitational radiation, Gravitational wave detectors, Interferometry},
  organization = {Accademi Nazionale Dei Lincei},
  pages        = {365--369},
  publisher    = {Academic Press},
  title        = {On Gravitational Radiation Detectors Using Optical Sensing Techniques},
  year         = {1977}
}
@inproceedings{Drever2,
  address    = {Amsterdam; New York},
  author     = {Drever, R.W.P.},
  booktitle  = {Gravitational Radiation (Rayonnenment Gravitationnel)},
  conference = {NATO Advanced Study Institute, Centre de physique des Houches, 2\,--\,21 June 1982},
  editor     = {Deroulle, N. and Piran, T.},
  keywords   = {Gravitational radiation, Gravitational wave detectors, Interferometry},
  pages      = {321--338},
  publisher  = {North Holland; Elsevier},
  title      = {Interferometric detectors of gravitational radiation},
  year       = {1983}
}
@article{Billing,
  author   = {Billing, H. and Maischberger, K. and R{\"{u}}diger, A. and Schilling, R. and Schnupp, L. and Winkler, W.},
  doi      = {10.1088/0022-3735/12/11/010},
  journal  = {J. Phys. E: Sci. Instrum.},
  keywords = {Gravitational radiation, Gravitational wave detectors, Interferometry},
  pages    = {1043--1050},
  title    = {An argon laser interferometer for the detection of gravitational radiation},
  volume   = {12},
  year     = {1979}
}
@inproceedings{BenderFaller1,
  address    = {Bellingham, WA},
  author     = {Decher, R.J. and Randall, L. and Bender, P.L. and Faller, J.E.},
  booktitle  = {Active Optical Devices and Applications},
  conference = {Washington, DC, USA, April 10\,--\,11, 1980},
  editor     = {Cuneo, W.J.},
  keywords   = {Gravitational radiation, Gravitational wave detectors, Space missions},
  pages      = {149--153},
  publisher  = {SPIE},
  series     = {Proc. SPIE},
  title      = {Design Aspects of a Laser Gravitational Wave Detector in Space},
  volume     = {228},
  year       = {1980}
}
@inproceedings{BenderFaller2,
  address    = {Noordwijk},
  author     = {Faller, J.E. and Bender, P.L. and Hall, J.L. and Hils, D. and Vincent, M.A.},
  booktitle  = {Kilometric Optical Arrays in Space},
  conference = {Proceedings of the Colloquium held 23\,--\,25 October 1984, Carg\`ese, Corsica, France},
  editor     = {Longdon, N. and Melita, O.},
  keywords   = {Gravitational radiation, Gravitational wave detectors, Space missions},
  pages      = {157--163},
  publisher  = {ESA Publications Division},
  series     = {ESA Conference Proceedings},
  title      = {Space antenna for gravitational wave astronomy},
  volume     = {SP-226},
  year       = {1985}
}
@book{Thorne,
  address   = {New York},
  author    = {Thorne, K.S.},
  keywords  = {Astrophysics, Gravitational wave detectors, Gravitational wave sources},
  publisher = {W.W. Norton},
  title     = {Black Holes and Time Warps: Einstein's Outrageous Legacy},
  year      = {1994}
}
@book{Saulsonbook,
  address   = {Singapore; River Edge, NJ},
  author    = {Saulson, P.R.},
  keywords  = {Gravitational radiation, Gravitational wave detectors, Interferometry},
  publisher = {World Scientific},
  title     = {Fundamentals of Interferometric Gravitational Wave Detectors},
  year      = {1994}
}
@book{Blair,
  author    = {{Blair}, D.G. and others},
  address   = {Cambridge, New York},
  editor    = {Blair, D.G.},
  keywords  = {Gravitational wave detectors},
  publisher = {Cambridge University Press},
  title     = {The Detection of Gravitational Waves},
  year      = {1991}
}
@article{Hulse,
  author   = {Hulse, R.A.},
  doi      = {10.1103/RevModPhys.66.699},
  journal  = {Rev. Mod. Phys.},
  keywords = {Gravitational radiation, Observational tests of relativity theory, Pulsars},
  pages    = {699--710},
  title    = {The discovery of the binary pulsar},
  volume   = {66},
  year     = {1994}
}
@article{Taylor,
  author   = {Taylor, J.H.},
  doi      = {10.1103/RevModPhys.66.711},
  journal  = {Rev. Mod. Phys.},
  keywords = {Gravitational radiation, Observational tests of relativity theory, Pulsars},
  pages    = {711--719},
  title    = {Binary Pulsars and Relativistic Gravity},
  volume   = {66},
  year     = {1994}
}
@book{Will,
  address   = {Cambridge; New York},
  author    = {Will, C.M.},
  edition   = {2nd},
  gbs_id    = {BhnUITA7sDIC},
  keywords  = {Gravitational radiation, Tests of relativistic gravity},
  publisher = {Cambridge University Press},
  title     = {Theory and Experiment in Gravitational Physics},
  year      = {1993}
}
@proceedings{LISAsymposium,
  address    = {Bristol},
  conference = {Proceedings of the symposium, held at the Rutherford Appleton Laboratory in Chilton, 9\,--\,12 July 1996},
  editor     = {Sandford, M.C.W.},
  keywords   = {Gravitational radiation, Gravitational wave detectors, Space missions},
  publisher  = {Institute of Physics Publishing},
  series     = {Class. Quantum Grav.},
  title      = {First International LISA Symposium},
  volume     = {14},
  year       = {1997}
}
@proceedings{sources,
  address    = {Singapore; River Edge, NJ},
  conference = {Proceedings of the International Conference, Cascina (Pisa), 19\,--\,23 March 1996},
  editor     = {Ciufolini, I. and Fidecaro, F.},
  keywords   = {Gravitational radiation, Gravitational wave detectors, Space missions},
  publisher  = {World Scientific},
  series     = {Edoardo Amaldi Foundation Series},
  title      = {Gravitational Waves: Sources and Detectors},
  volume     = {2},
  year       = {1997}
}
@proceedings{Amaldiproc,
  address    = {Melville, NY},
  conference = {Third Edoardo Amaldi Conference, Pasadena, California, 12\,--\,16 July, 1999},
  editor     = {Meshkov, S.},
  keywords   = {Gravitational radiation, Gravitational wave detectors, Space missions},
  publisher  = {American Institute of Physics},
  series     = {AIP Conference Proceedings},
  title      = {Gravitational Waves, Sources and Detectors},
  volume     = {523},
  year       = {2000}
}
@article{Schutz,
  author   = {Schutz, B.F.},
  doi      = {10.1038/323310a0},
  journal  = {Nature},
  keywords = {Gravitational radiation, Gravitational wave detectors, Hubble constant},
  pages    = {310--311},
  title    = {Determining the nature of the Hubble constant},
  volume   = {323},
  year     = {1986}
}
@article{Forward2,
  author   = {Forward, R.L. and Zipoy, D. and Weber, J. and Smith, S. and Benioff, H.},
  doi      = {10.1038/189473a0},
  journal  = {Nature},
  keywords = {Gravitational radiation, Gravitational wave detectors},
  pages    = {473},
  title    = {Upper Limit for Interstellar Millicycle Gravitational Radiation},
  volume   = {189},
  year     = {1961}
}
@inproceedings{Spero,
  address    = {Melville, NY},
  author     = {Spero, R.E.},
  booktitle  = {Science Underground},
  conference = {Proceedings of the Workshop, Los Alamos, 1982},
  doi        = {10.1063/1.33916},
  editor     = {Nieto, M.M. and Hoffman, C.M. and Kolb, E.W. and Sandberg, V.D. and Toevs, J.W. and Haxton, W.C.},
  keywords   = {Gravitational wave detectors, Noise},
  pages      = {347--350},
  publisher  = {American Institute of Physics},
  series     = {AIP Conference Proceedings},
  title      = {Prospects for Ground Based Detectors of Low Frequency Gravitational Radiation},
  volume     = {96},
  year       = {1983}
}
@article{Saulson1,
  author   = {Saulson, P.R.},
  doi      = {10.1103/PhysRevD.30.732},
  journal  = {Phys. Rev. D},
  keywords = {Gravitational wave detectors, Noise},
  pages    = {732--736},
  title    = {Terrestrial gravitational noise on a gravitational wave antenna},
  volume   = {30},
  year     = {1984}
}
@article{Braccini,
  author   = {Braccini, S. and Bradaschia, C. and Del Fabbro, R. and Di Virgilio, A. and Ferrante, I. and Fidecaro, F. and Flaminio, R. and Gennai, A. and Giassi, A. and Giazotto, A. and Gorini, G. and Losurdo, G. and Palla, F. and Pasqualetti, A. and Passuello, D. and Poggiani, R. and Torelli, G. and Zhang, Z.},
  doi      = {10.1063/1.1147069},
  journal  = {Rev. Sci. Instrum.},
  keywords = {Gravitational wave detectors, Noise, Seismic noise},
  pages    = {2899--2902},
  title    = {Seismic vibrations mechanical filters for the gravitational waves detector VIRGO},
  volume   = {67},
  year     = {1996}
}
@article{Ju1,
  author   = {Ju, L. and Blair, D.G.},
  doi      = {10.1063/1.1145218},
  journal  = {Rev. Sci. Instrum.},
  keywords = {Gravitational wave detectors, Noise},
  pages    = {3482--3488},
  title    = {Low Resonant-Frequency Cantilever Spring Vibration Isolator for Gravitational-Wave Detectors},
  volume   = {65},
  year     = {1994}
}
@inproceedings{DeSalvo,
  address    = {Hanoi},
  author     = {DeSalvo, R. and others},
  booktitle  = {Gravitational Waves and Experimental Gravity},
  conference = {Proceedings of the XXXIVth Rencontres De Moriond, Les Arcs, France, January 23\,--\,30, 1999},
  editor     = {Tr{\^{a}}n Than V{\^{a}}n, J. and Dumarchez, J. and Raynoud, S. and Salomon, C. and Thorsett, S. and Vinet, J.Y.},
  keywords   = {Gravitational wave detectors, Noise},
  publisher  = {World Publishers},
  title      = {Second generation suspensions for LIGO},
  year       = {2000}
}
@article{Plissi1,
  author   = {Plissi, M.V. and Strain, K.A. and Torrie, C.I. and Robertson, N.A. and Killbourn, S. and Rowan, S. and Twyford, S.M. and Ward, H. and Skeldon, K.D. and Hough, J.},
  doi      = {10.1063/1.1149054},
  journal  = {Rev. Sci. Instrum.},
  keywords = {Gravitational wave detectors, Noise},
  pages    = {3055--3061},
  title    = {Aspects of the suspension system for GEO 600},
  volume   = {69},
  year     = {1998}
}
@inproceedings{Torrie,
  address    = {Hanoi},
  author     = {Torrie, C.I. and Cagnoli, G. and Hough, J. and Husman, M.E. and McIntosh, S. and Palmer, D. and Plissi, M.V. and Robertson, N.A. and Rowan, S. and Sneddon, P. and Strain, K.A. and Ward, H.},
  booktitle  = {Gravitational Waves and Experimental Gravity},
  conference = {Proceedings of the XXXIVth Rencontres De Moriond, Les Arcs, France, January 23\,--\,30, 1999},
  editor     = {Tr{\^{a}}n Than V{\^{a}}n, J. and Dumarchez, J. and Raynoud, S. and Salomon, C. and Thorsett, S. and Vinet, J.Y.},
  keywords   = {Gravitational wave detectors, Noise},
  pages      = {235--240},
  publisher  = {World Publishers},
  title      = {Suspension system design for the main optics for GEO 600},
  year       = {2000}
}
@inproceedings{Losurdo,
  address    = {Singapore; River Edge, NJ},
  author     = {Losurdo, G. and others},
  booktitle  = {Second Edoardo Amaldi Conference on Gravitational Waves},
  conference = {Proceedings of the conference held at CERN, Switzerland, 1\,--\,4 July, 1997},
  editor     = {Coccia, E. and Veneziano, G. and Pizzella, G.},
  keywords   = {Gravitational wave detectors, Noise},
  pages      = {334--338},
  publisher  = {World Scientific},
  series     = {Edoardo Amaldi Foundation Series},
  title      = {Active Control Hierarchy in VIRGO Superattenuator: The Role of the Inverted Pendulum},
  volume     = {4},
  year       = {1998}
}
@inproceedings{Winterflood,
  address    = {Singapore; River Edge, NJ},
  author     = {Winterflood, J. and Blair, D.G.},
  booktitle  = {Second Edoardo Amaldi Conference on Gravitational Waves},
  conference = {Proceedings of the conference held at CERN, Switzerland, 1\,--\,4 July, 1997},
  editor     = {Coccia, E. and Veneziano, G. and Pizzella, G.},
  keywords   = {Gravitational wave detectors, Noise},
  pages      = {485--489},
  publisher  = {World Scientific},
  series     = {Edoardo Amaldi Foundation Series},
  title      = {Ultra-Low Frequency Pre-Isolation in Three Dimensons},
  volume     = {4},
  year       = {1998}
}
@article{Plissi2,
  author   = {Plissi, M.V. and Torrie, C.I. and Husman, M.E. and Robertson, N.A. and Strain, K.A. and Ward, H. and L{\"{u}}ck, H. and Hough, J.},
  doi      = {10.1063/1.1150645},
  journal  = {Rev. Sci. Instrum.},
  keywords = {Gravitational wave detectors, Noise, Seismic noise},
  pages    = {2539--2545},
  title    = {GEO 600 triple pendulum suspension system: Seismic isolation and control},
  volume   = {71},
  year     = {2000}
}
@article{LISA,
  author        = {Danzmann, K. and others},
  collaboration = {LISA Study Team},
  doi           = {10.1088/0264-9381/13/11A/033},
  journal       = {Class. Quantum Grav.},
  keywords      = {Gravitational radiation, Gravitational wave detectors, Space missions},
  pages         = {A247--A250},
  title         = {LISA: Laser Interferometer Space Antenna for Gravitational Wave Measurements},
  volume        = {13},
  year          = {1996}
}
@article{Saulson2,
  author   = {Saulson, P.R.},
  doi      = {10.1103/PhysRevD.42.2437},
  journal  = {Phys. Rev. D},
  keywords = {Gravitational wave detectors, Noise},
  pages    = {2437--2445},
  title    = {Thermal noise in mechanical experiments},
  volume   = {42},
  year     = {1990}
}
@book{Nowick,
  address   = {New York},
  author    = {Nowick, A.S. and Berry, B.S.},
  keywords  = {Dynamical systems, Noise},
  publisher = {Academic Press},
  series    = {Materials Science Series},
  title     = {Anelastic Relaxation in Crystalline Solids},
  volume    = {1},
  year      = {1972}
}
@article{Gillespie,
  author   = {Gillespie, A.D. and Raab, F.J.},
  doi      = {10.1103/PhysRevD.52.577},
  journal  = {Phys. Rev. D},
  keywords = {Gravitational wave detectors, Noise},
  pages    = {577--585},
  title    = {Thermally Excited Vibrations of the Mirrors of Laser Interferometer Gravitational-Wave Detectors},
  volume   = {52},
  year     = {1995}
}
@article{Bragthermo,
  author   = {Braginsky, V.B. and Gorodetsky, M.L. and Vyatchanin, S.P.},
  doi      = {10.1016/S0375-9601(99)00785-9},
  eprint   = {cond-mat/9912139},
  journal  = {Phys. Lett. A},
  keywords = {Gravitational wave detectors, Noise},
  pages    = {1--10},
  title    = {Thermodynamical fluctuations and photo-thermal shot noise in gravitational wave antennae},
  volume   = {264},
  year     = {1999}
}
@article{Levin,
  author   = {Levin, Y.},
  doi      = {10.1103/PhysRevD.57.659},
  eprint   = {gr-qc/9707013},
  journal  = {Phys. Rev. D},
  keywords = {Gravitational wave detectors, Noise, Thermal noise},
  pages    = {659--663},
  title    = {Internal thermal noise in the LIGO test masses: A direct approach},
  volume   = {57},
  year     = {1998}
}
@inproceedings{Rowan1,
  address    = {Singapore; River Edge, NJ},
  author     = {Rowan, S. and Twyford, S.M. and Hough, J.},
  booktitle  = {Second Edoardo Amaldi Conference on Gravitational Waves},
  conference = {Proceedings of the conference held at CERN, Switzerland, 1\,--\,4 July, 1997},
  editor     = {Coccia, E. and Veneziano, G. and Pizzella, G.},
  keywords   = {Gravitational wave detectors, Noise},
  pages      = {363--369},
  publisher  = {World Scientific},
  series     = {Edoardo Amaldi Foundation Series},
  title      = {The design of low loss suspensions for advanced gravitational wave detectors},
  volume     = {4},
  year       = {1998}
}
@article{Braginsky1,
  author   = {Braginsky, V.B. and Mitrofanov, V.P. and Tokmakov, K.V.},
  doi      = {10.1016/0375-9601(96)00441-0},
  journal  = {Phys. Lett. A},
  keywords = {Gravitational wave detectors, Noise},
  pages    = {164--166},
  title    = {Energy dissipation in the pendulum mode of the test mass suspension of a gravitational wave antenna},
  volume   = {218},
  year     = {1996}
}
@article{Rowan2,
  author   = {Rowan, S. and Twyford, S.M. and Hutchins, R. and Kovalik, J. and Logan, J.E. and McLaren, A.C. and Robertson, N.A. and Hough, J.},
  doi      = {10.1016/S0375-9601(97)00507-0},
  journal  = {Phys. Lett. A},
  keywords = {Gravitational wave detectors, Noise},
  pages    = {303--308},
  title    = {Q factor measurements on prototype fused quartz pendulum suspensions for use in gravitational wave detectors},
  volume   = {233},
  year     = {1997}
}
@book{Braginsky2,
  address   = {Chicago},
  author    = {Braginsky, V.B. and Mitrofanov, V.P. and Panov, V.I.},
  keywords  = {Dynamical systems, Noise},
  publisher = {University of Chicago Press},
  title     = {Systems with Small Dissipation},
  year      = {1985}
}
@article{Ju2,
  author   = {Ju, L. and Notcutt, M. and Blair, D.G. and Bondu, F. and Zhao, C.N.},
  doi      = {10.1016/0375-9601(96)00434-3},
  journal  = {Phys. Lett. A},
  keywords = {Gravitational wave detectors, Interferometry, Noise},
  pages    = {197--206},
  title    = {Sapphire beamsplitters and test masses for advanced laser interferometric gravitational wave detectors},
  volume   = {218},
  year     = {1996}
}
@article{Rowan3,
  author   = {Rowan, S. and Twyford, S.M. and Hough, J. and Gwo, D.-H. and Route, R.},
  doi      = {10.1016/S0375-9601(98)00533-7},
  journal  = {Phys. Lett. A},
  keywords = {Gravitational wave detectors, Interferometry, Noise},
  pages    = {471--478},
  title    = {Mechanical losses associated with the technique of hydroxide-catalysis bonding of fused silica},
  volume   = {246},
  year     = {1998}
}
@inproceedings{HoughMG5,
  address    = {Singapore; River Edge, NJ},
  author     = {Hough, J.},
  booktitle  = {The Fifth Marcel Grossmann Meeting on recent developments in theoretical and experimental general relativity, gravitation and relativistic field theories, Part A},
  conference = {Proceedings of the meeting held at The University of Western Australia, 8\,--\,13 August 1988},
  editor     = {Blair, D.G. and Buckingham, M.J.},
  keywords   = {Gravitational radiation, Gravitational wave detectors},
  pages      = {265--282},
  publisher  = {World Scientific},
  title      = {Prospects for Gravitational Wave Detection with Laser Interferometer Detectors},
  year       = {1989}
}
@article{Edelstein,
  author   = {Edelstein, W.A. and Hough, J. and Pugh, J.R. and Martin, W.},
  doi      = {10.1088/0022-3735/11/7/030},
  journal  = {J. Phys. E: Sci. Instrum.},
  keywords = {Gravitational wave detectors, Interferometry, Noise},
  number   = {7},
  pages    = {710--711},
  title    = {Limits to the measurement of displacement in an interferometric gravitational radiation detector},
  volume   = {11},
  year     = {1978}
}
@inproceedings{Drever3,
  address    = {New York},
  author     = {Drever, R.W.P. and Hough, J. and Munley, A.J. and Lee, S.-A. and Spero, R.E. and Whitcomb, S.E. and Ward, H. and Ford, G.M. and Hereld, M. and Robertson, N.A. and Kerr, I. and Pugh, J.R. and Newton, G.P. and Meers, B.J. and Brooks III, E.D. and G{\"{u}}rsel, Y.},
  booktitle  = {Quantum Optics, Experimental Gravity, and Measurement Theory},
  conference = {Proceedings of the NATO Advanced Study Institute, held August 16\,--\,29, 1981 in Bad Windsheim, Germany},
  editor     = {Meystre, P. and Scully, M.O.},
  keywords   = {Gravitational wave detectors, Interferometry, Noise},
  pages      = {503--514},
  publisher  = {Plenum Press},
  series     = {NATO ASI Series B},
  title      = {Gravitational wave detectors using laser interferometers and optical cavities: Ideas, principles and prospects},
  volume     = {94},
  year       = {1983}
}
@misc{Schilling,
  author   = {Schilling, R.},
  format   = {personal communication},
  keywords = {Gravitational wave detectors, Interferometry, Noise},
  year     = {1981}
}
@article{Meers,
  author   = {Meers, B.J.},
  doi      = {10.1103/PhysRevD.38.2317},
  journal  = {Phys. Rev. D},
  keywords = {Gravitational wave detectors, Interferometry, Noise},
  pages    = {2317--2326},
  title    = {Recycling in laser-interferometric gravitational-wave detectors},
  volume   = {38},
  year     = {1988}
}
@article{Strain,
  author   = {Strain, K.A. and Meers, B.J.},
  doi      = {10.1103/PhysRevLett.66.1391},
  journal  = {Phys. Rev. Lett.},
  keywords = {Gravitational wave detectors, Interferometry, Noise},
  pages    = {1391--1394},
  title    = {Experimental demonstration of dual recycling for interferometric gravitational-wave detectors},
  volume   = {66},
  year     = {1991}
}
@article{Heinzel,
  author   = {Heinzel, G. and Strain, K.A. and Mizuno, J. and Skeldon, K.D. and Willke, B. and Winkler, W. and Schilling, R. and Danzmann, K.},
  doi      = {10.1103/PhysRevLett.81.5493},
  journal  = {Phys. Rev. Lett.},
  keywords = {Gravitational wave detectors, Interferometry, Noise},
  pages    = {5493--5496},
  title    = {An experimental demonstration of dual recycling on a suspended interferometer},
  volume   = {81},
  year     = {1998}
}
@article{Caves1,
  author   = {Caves, C.M.},
  doi      = {10.1103/PhysRevLett.45.75},
  journal  = {Phys. Rev. Lett.},
  keywords = {Gravitational wave detectors, Interferometry, Noise},
  pages    = {75--79},
  title    = {Quantum-mechanical radiation pressure fluctuations in an interferometer},
  volume   = {45},
  year     = {1980}
}
@article{Caves2,
  author   = {Caves, C.M.},
  doi      = {10.1103/PhysRevD.23.1693},
  journal  = {Phys. Rev. D},
  keywords = {Gravitational wave detectors, Interferometry, Noise},
  pages    = {1693--1708},
  title    = {Quantum-mechanical noise in an interferometer},
  volume   = {23},
  year     = {1981}
}
@incollection{Hough,
  address   = {Cambridge; New York},
  author    = {Hough, J. and Ward, H. and Kerr, G.A. and Mackenzie, N.L. and Meers, B.J. and Newton, G. and Robertson, D.I. and Robertson, N.A. and Schilling, R.},
  booktitle = {The Detection of Gravitational Waves},
  editor    = {Blair, D.G.},
  gbs_id    = {W-J5TUBEy-AC{\&}pg=PA329},
  keywords  = {Gravitational wave detectors, Laser technology, Noise},
  pages     = {329--351},
  publisher = {Cambridge University Press},
  title     = {The stabilisation of lasers for interferometric gravitational wave detectors},
  year      = {1991}
}
@article{Mangan,
  author   = {Robertson, N.A. and Hoggan, S. and Mangan, J.B. and Hough, J.},
  doi      = {10.1007/BF00697412},
  journal  = {Appl. Phys. B},
  keywords = {Gravitational wave detectors, Laser technology, Noise},
  pages    = {149--153},
  title    = {Intensity stabilisation of an argon laser using an electro-optic modulator},
  volume   = {39},
  year     = {1986}
}
@article{Rudiger,
  author   = {R{\"{u}}diger, A. and Schilling, R. and Schnupp, L. and Winkler, W. and Billing, H. and Maischberger, K.},
  journal  = {Opt. Acta},
  keywords = {Gravitational wave detectors, Laser technology, Noise},
  number   = {5},
  pages    = {641--658},
  title    = {A mode selector to suppress fluctuations in laser beam geometry},
  volume   = {26},
  year     = {1981}
}
@thesis{Meersphd,
  address  = {Glasgow},
  author   = {Meers, B.J.},
  format   = {phd},
  keywords = {Gravitational wave detectors, Interferometry, Noise},
  school   = {University of Glasgow},
  title    = {Some aspects of the development of an optically sensed gravitational-wave detector},
  year     = {1983}
}
@article{Skeldon,
  author   = {Skeldon, K.D. and Strain, K.A. and Grant, A.I. and Hough, J.},
  doi      = {10.1063/1.1147194},
  journal  = {Rev. Sci. Instrum.},
  keywords = {Gravitational wave detectors, Laser technology, Noise},
  number   = {7},
  pages    = {2443--2448},
  title    = {Test of an 18-m-long suspended modecleaner cavity},
  volume   = {67},
  year     = {1996}
}
@article{Willke,
  author   = {Willke, B. and Uehara, N. and Gustafson, E.K. and Byer, R.L. and King, P.J. and Steel, S.U. and Savage Jr, R.L.},
  doi      = {10.1364/OL.23.001704},
  journal  = {Opt. Lett.},
  keywords = {Gravitational wave detectors, Laser technology, Noise},
  number   = {21},
  pages    = {1704--1706},
  title    = {Spatial and temporal filtering of a 10-W Nd:YAG laser with a Fabry-Perot ring-cavity premode cleaner},
  volume   = {23},
  year     = {1998}
}
@article{Araya,
  author   = {Araya, A. and Mio, N. and Tsubono, K. and Suehiro, K. and Telada, S. and Ohashi, M. and Fujimoto, M.-K.},
  doi      = {10.1364/AO.36.001446},
  journal  = {Appl. Opt.},
  keywords = {Gravitational wave detectors, Laser technology, Noise},
  number   = {7},
  pages    = {1446--1453},
  title    = {Optical mode cleaner with suspended mirrors},
  volume   = {36},
  year     = {1997}
}
@article{Shoemaker,
  author   = {Shoemaker, D.H. and Schilling, R. and Schnupp, L. and Winkler, W. and Maischberger, K. and R{\"{u}}diger, A.},
  doi      = {10.1103/PhysRevD.38.423},
  journal  = {Phys. Rev. D},
  keywords = {Gravitational wave detectors, Interferometry, Noise},
  pages    = {423--432},
  title    = {Noise behavior of the Garching 30-meter prototype gravitational-wave detector},
  volume   = {38},
  year     = {1988}
}
@article{Robertson,
  author   = {Robertson, D.I. and Morrison, E. and Hough, J. and Killbourn, S. and Meers, B.J. and Newton, G.P. and Robertson, N.A. and Strain, K.A. and Ward, H.},
  doi      = {10.1063/1.1145339},
  journal  = {Rev. Sci. Instrum.},
  keywords = {Gravitational wave detectors, Laser technology, Noise},
  number   = {9},
  pages    = {4447--4452},
  title    = {The Glasgow 10 m prototype laser interferometric gravitational wave detector},
  volume   = {66},
  year     = {1995}
}
@misc{Vogt,
  author   = {Vogt, R.E. and Drever, R.W.P. and Thorne, K.S. and Raab, F.J. and Weiss, R.},
  format   = {unknown},
  keywords = {Gravitational radiation, Gravitational wave detectors, Interferometry},
  title    = {A Laser Interferometer Gravitational Wave Observatory (Proposal to the National Science Foundation)},
  year     = {1989}
}
@article{Kerr,
  author   = {Kerr, G.A. and Hough, J.},
  doi      = {10.1007/BF00325354},
  journal  = {Appl. Phys. B},
  keywords = {Gravitational wave detectors, Laser technology, Noise},
  pages    = {491--495},
  title    = {Coherent addition of laser oscillators for use in gravitational wave antenna},
  volume   = {49},
  year     = {1989}
}
@article{Kogelnik,
  author   = {Kogelnik, H. and Li, T.},
  doi      = {10.1109/PROC.1966.5119},
  journal  = {Proc. IEEE},
  keywords = {Laser technology},
  pages    = {1312--1329},
  title    = {Laser beams and resonators},
  volume   = {54},
  year     = {1966}
}
@article{Shine,
  author   = {Shine Jr, R.J. and Alfrey, A.J. and Byer, R.L.},
  doi      = {10.1364/OL.20.000459},
  journal  = {Opt. Lett.},
  keywords = {Laser technology},
  number   = {5},
  pages    = {459--461},
  title    = {40-W cw, TEM$_{00}$-mode, diode-laser-pumped, Nd:YAG miniature-slab laser},
  volume   = {20},
  year     = {1995}
}
@article{Cregut,
  author   = {Cregut, O. and Man, C.N. and Shoemaker, D. and Brillet, A. and Menhert, A. and Peuser, P. and Schmitt, N.P. and Zeller, P. and Wallermoth, K.},
  doi      = {10.1016/0375-9601(89)90623-3},
  journal  = {Phys. Lett. A},
  keywords = {Laser technology, Noise},
  pages    = {294--298},
  title    = {18 W single-frequency operation of an injection-locked, CW, Nd:YAG laser},
  volume   = {140},
  year     = {1989}
}
@article{Nabors,
  author   = {Nabors, C.D. and Farinas, A.D. and Day, T. and Yang, S.T. and Gustafson, E.K. and Byer, R.L.},
  doi      = {10.1364/OL.14.001189},
  journal  = {Opt. Lett.},
  keywords = {Laser technology, Noise},
  pages    = {1189--1191},
  title    = {Injection locking of a 13-W CW Nd:YAG ring laser},
  volume   = {14},
  year     = {1989}
}
@article{Golla,
  author   = {Golla, D. and Freitag, I. and Zellmer, H. and Schone, W. and Kropke, I. and Welling, H.},
  doi      = {10.1016/0030-4018(93)90763-U},
  journal  = {Opt. Commun.},
  keywords = {Laser technology, Noise},
  pages    = {86--90},
  title    = {15 W single-frequency operation of a CW diode laser-pumped Nd:YAG ring laser},
  volume   = {98},
  year     = {1993}
}
@article{Abramovici,
  author   = {Abramovici, A. and Althouse, W.E. and Camp, J. and Durance, D. and Giaime, J.A. and Gillespie, A. and Kawamura, S. and Kuhnert, A. and Lyons, T. and Raab, F.J. and Savage Jr, R.L. and Shoemaker, D. and Sievers, L. and Spero, R.E. and Vogt, R.E. and Weiss, R. and Whitcomb, S.E. and Zucker, M.E.},
  doi      = {10.1016/0375-9601(96)00377-5},
  journal  = {Phys. Lett. A},
  keywords = {Gravitational wave detectors, Interferometry, Noise},
  pages    = {157--163},
  title    = {Improved sensitivity in a gravitational wave interferometer and implications for LIGO},
  volume   = {218},
  year     = {1996}
}
@article{Fritschel2,
  author   = {Fritschel, P. and Gonz{\'{a}}lez, G. and Lantz, B. and Saha, P. and Zucker, M.},
  doi      = {10.1103/PhysRevLett.80.3181},
  journal  = {Phys. Rev. Lett.},
  keywords = {Gravitational wave detectors, Interferometry, Noise},
  pages    = {3181--3184},
  title    = {High Power Interferometric Phase Measurement Limited by Quantum Noise and Application to Detection of Gravitational Waves},
  volume   = {80},
  year     = {1998}
}
@inproceedings{Mizuno,
  address    = {Singapore; River Edge, NJ},
  author     = {Mizuno, E. and Kawashima, N. and Miyoke, S. and Heflin, E.G. and Wada, K. and Naito, W. and Nagano, S. and Arakawa, K.},
  booktitle  = {Gravitational Waves: Sources and Detectors},
  conference = {Proceedings of the International Conference, Cascina (Pisa), 19\,--\,23 March 1996},
  editor     = {Ciufolini, I. and Fidecaro, F.},
  keywords   = {Gravitational wave detectors, Interferometry, Noise},
  pages      = {108--110},
  publisher  = {World Scientific},
  series     = {Edoardo Amaldi Foundation Series},
  title      = {Effort of Stable Operation by Noise Rreduction of 100m DL Laser Iinterferometer [TENKO-100] for Gravitational Wave Detection},
  volume     = {2},
  year       = {1997}
}
@online{astro2010,
  cited     = {14 December 2010},
  format    = {project homepage},
  keywords  = {Astrophysics},
  publisher = {The National Acadamies},
  title     = {Astro2010: The Astronomy and Astrophysics Decadal Survey},
  url       = {http://sites.nationalacademies.org/bpa/BPA_049810}
}
@article{McNamara,
  author   = {McNamara, P.W. and Ward, H. and Hough, J. and Robertson, D.I.},
  doi      = {10.1088/0264-9381/14/6/025},
  journal  = {Class. Quantum Grav.},
  keywords = {Gravitational wave detectors, Laser technology, Space missions},
  pages    = {1543--1547},
  title    = {Laser frequency stabilization for spaceborne gravitational wave detectors},
  volume   = {14},
  year     = {1997}
}
@article{Giampieri,
  author   = {Giampieri, G. and Hellings, R.W. and Tinto, M. and Faller, J.E.},
  doi      = {10.1016/0030-4018(95)00611-7},
  journal  = {Opt. Commun.},
  keywords = {Gravitational wave detectors, Interferometry, Space missions},
  pages    = {669--678},
  title    = {Algorithms for unequal-arm Michelson interferometers},
  volume   = {123},
  year     = {1996}
}
@inproceedings{Houghetal,
  address       = {Noordwijk},
  author        = {Hough, J. and others},
  booktitle     = {Fundamental Physics in Space},
  collaboration = {LISA Science Team},
  conference    = {Proceedings of the Alpbach Summer School 1997, Alpbach, Tyrol, Austria 22\,--\,31 July 1997},
  editor        = {Wilson, A.},
  keywords      = {Gravitational wave detectors, Interferometry, Space missions},
  pages         = {253--258},
  publisher     = {ESA Publications Division},
  series        = {ESA Conference Proceedings},
  title         = {LISA - The Interferometer},
  volume        = {SP-420},
  year          = {1997}
}
@online{GCN,
  cited     = {3 October 2008},
  format    = {project homepage},
  keywords  = {Gamma-ray bursts},
  publisher = {GSFC/NASA},
  title     = {GCN: The Gamma-ray Coordinates Network (Transient Astronomy Network)},
  url       = {http://gcn.gsfc.nasa.gov/}
}
@online{LIGOweb,
  cited     = {15 January 2000},
  format    = {project homepage},
  keywords  = {Gravitational radiation, Gravitational wave detectors, Interferometry, LIGO},
  publisher = {California Institute of Technology},
  title     = {LIGO Laboratory Home Page},
  url       = {http://www.ligo.caltech.edu}
}
@online{AdvLIGOweb,
  cited     = {19 November 2008},
  format    = {project homepage},
  keywords  = {Gravitational radiation, Gravitational wave detectors, Interferometry, LIGO},
  publisher = {Massachusetts Institute of Technology},
  title     = {Advanced LIGO},
  url       = {http://www.advancedligo.mit.edu/}
}
@online{LSCweb,
  cited     = {21 January 2008},
  format    = {project homepage},
  keywords  = {Gravitational radiation, Gravitational wave detectors},
  publisher = {California Institute of Technology},
  title     = {LIGO Scientific Collaboration Home Page},
  url       = {http://www.ligo.org}
}
@online{lisasens,
  author    = {Larson, S.},
  cited     = {23 December 2010},
  format    = {project homepage},
  keywords  = {LISA, Space missions},
  publisher = {California Institute of Technology},
  title     = {Sensitivity Curves for Spaceborne Gravitational Wave Observatories},
  url       = {http://www.srl.caltech.edu/~shane/sensitivity/}
}
@online{etcurves,
  cited     = {23 December 2010},
  format    = {project homepage},
  keywords  = {Einstein Telescope, Gravitational wave detectors},
  publisher = {EGO},
  title     = {ET sensitivities page},
  url       = {http://www.et-gw.eu/etsensitivities}
}
@online{VIRGOweb,
  cited     = {16 February 2011},
  format    = {project homepage},
  keywords  = {Gravitational radiation, Gravitational wave detectors, Interferometry},
  publisher = {INFN},
  title     = {Virgo},
  url       = {http://www.virgo.infn.it}
}
@online{AdvVirgoweb,
  cited     = {16 February 2011},
  format    = {project homepage},
  keywords  = {Gravitational radiation, Gravitational wave detectors, Interferometry, VIRGO},
  publisher = {INFN},
  title     = {Advanced Virgo},
  url       = {http://www.virgo.infn.it/advirgo/}
}
@online{GEOweb,
  cited     = {16 February 2011},
  format    = {project homepage},
  keywords  = {Gravitational radiation, Gravitational wave detectors, Interferometry},
  publisher = {MPI for Gravitational Physics (Albert Einstein Institute)},
  title     = {GEO600: The German-British Gravitational Wave Detector},
  url       = {http://www.geo600.org/}
}
@online{TAMAweb,
  cited     = {15 January 2000},
  format    = {project homepage},
  keywords  = {Gravitational radiation, Gravitational wave detectors, Interferometry},
  publisher = {National Astronomical Observatory of Japan},
  title     = {TAMA300 Project},
  url       = {http://tamago.mtk.nao.ac.jp}
}
@online{confs,
  cited     = {17 October 2016},
  format    = {project homepage},
  keywords  = {Gravitational radiation, Gravitational wave detectors},
  publisher = {Gravitational Wave International Committee},
  title     = {GWIC Sponsored Conferences},
  url       = {https://gwic.ligo.org/conferences/}
}
@online{NASAweb,
  cited     = {15 January 2000},
  format    = {project homepage},
  keywords  = {Gravitational radiation, Gravitational wave detectors, Space missions},
  publisher = {JPL/NASA},
  title     = {LISA Home Page (NASA)},
  url       = {http://lisa.jpl.nasa.gov}
}
@online{CLIOweb,
  cited     = {17 October 2016},
  format    = {project homepage},
  keywords  = {Gravitational radiation, Gravitational wave detectors, Interferometry},
  publisher = {University of Tokyo},
  title     = {GW group in ICRR UT},
  url       = {http://www.icrr.u-tokyo.ac.jp/gr/GWPOHPe/clio-e.html}
}
@online{ESAweb,
  cited     = {16 February 2011},
  format    = {project homepage},
  keywords  = {Gravitational radiation, Gravitational wave detectors, Space missions},
  publisher = {European Space Agency},
  title     = {LISA Home Page (ESA)},
  url       = {http://sci.esa.int/lisa}
}
@online{ESACosmicVisions,
  cited     = {31 May 2011},
  format    = {project homepage},
  keywords  = {Gravitational radiation, Gravitational wave detectors, Space missions},
  publisher = {European Space Agency},
  title     = {Cosmic Vision L-class missions presentation event 2011},
  url       = {http://sci.esa.int/Lmissions2011},
  year      = {2011}
}
@online{AURIGA,
  cited     = {14 January 2008},
  format    = {project homepage},
  keywords  = {Bar detectors, Gravitational radiation, Gravitational wave detectors},
  publisher = {INFN},
  title     = {AURIGA Home Page},
  url       = {http://www.auriga.lnl.infn.it}
}
@online{NAUTILUS,
  cited     = {14 January 2008},
  format    = {project homepage},
  keywords  = {Bar detectors, Gravitational radiation, Gravitational wave detectors},
  publisher = {INFN},
  title     = {NAUTILUS Gravitational Wave Antenna},
  url       = {http://www.roma1.infn.it/rog/}
}
@online{MiniGRAIL,
  cited     = {14 January 2008},
  format    = {project homepage},
  keywords  = {Bar detectors, Gravitational radiation, Gravitational wave detectors},
  publisher = {Leiden University},
  title     = {MiniGRAIL, the first spherical gravitational wave detector},
  url       = {http://www.minigrail.nl/}
}
@article{Gottardi:2007,
  author       = {Gottardi, L. and de Waard, A. and Usenko, O. and Frossati, G. and Podt, M. and Flokstra, J. and Bassan, M. and Fafone, V. and Minenkov, Y. and Rocchi, A.},
  doi          = {10.1103/PhysRevD.76.102005},
  eprint       = {arXiv:0705.0122},
  id           = {102005},
  journal      = {Phys. Rev. D},
  keywords     = {Bar detectors, Gravitational wave detectors},
  primaryclass = {gr-qc},
  title        = {Sensitivity of the spherical gravitational wave detector MiniGRAIL operating at 5 K},
  volume       = {76},
  year         = {2007}
}
@online{Schenberg,
  cited     = {14 January 2008},
  format    = {project homepage},
  keywords  = {Bar detectors, Gravitational radiation, Gravitational wave detectors},
  publisher = {DAS/INPE},
  title     = {Graviton Group},
  url       = {http://www.das.inpe.br/graviton/}
}
@online{GEOcurves,
  cited     = {19 October 2016},
  format    = {project homepage},
  keywords  = {GEO600, Gravitational radiation, Gravitational wave detectors},
  publisher = {University of Hannover},
  title     = {GEO600 Sensitivity Curves},
  url       = {http://www.geo600.org/1032083/GEO600_Sensitivity_Curves}
}
@online{LIGOcurves,
  cited     = {22 January 2008},
  format    = {project homepage},
  keywords  = {Gravitational radiation, Gravitational wave detectors, LIGO},
  publisher = {LIGO/California Institute of Technology},
  title     = {LIGO Laboratory Home Page for Interferometer Sensitivities},
  url       = {http://www.ligo.caltech.edu/~jzweizig/distribution/LSC_Data/}
}
@online{VIRGOcurves,
  cited     = {16 February 2011},
  format    = {project homepage},
  keywords  = {Gravitational radiation, Gravitational wave detectors, VIRGO},
  publisher = {Virgo/INFN},
  title     = {Virgo Sensitivity Curves},
  url       = {http://www.virgo.infn.it/DataAnalysis/Calibration/Sensitivity/}
}
@online{eath,
  cited     = {3 October 2008},
  format    = {project homepage},
  keywords  = {Gravitational radiation, Pulsars},
  publisher = {UW-Milwaukee},
  title     = {Einstein(AT)Home},
  url       = {http://einstein.phys.uwm.edu}
}
@online{eathS3,
  author        = {Abbott, B. and others},
  cited         = {3 October 2008},
  collaboration = {LIGO Scientific Collaboration},
  format        = {project homepage},
  keywords      = {Gravitational radiation},
  publisher     = {UW-Milwaukee},
  title         = {Einstein(AT)Home S3 Analysis Summary},
  url           = {http://einstein.phys.uwm.edu/FinalS3Results/},
  year          = {2007}
}
@online{BOINC,
  cited     = {3 October 2008},
  format    = {project homepage},
  keywords  = {Software},
  publisher = {University of California},
  title     = {BOINC: Open-source software for volunteer computing and grid computing},
  url       = {http://boinc.berkeley.edu/}
}
@article{Aguiar:2006,
  author   = {Aguiar, O.D. and Andrade, L.A. and Barroso, J.J. and Bortoli, F. and Carneiro, L.A. and Castro, P.J. and Costa, C.A. and Costa, K.M.F. and de Araujo, J.C.N. and de Lucena, A.U. and de Paula, W. and de Rey Neto, E.C. and de Souza, S.T. and Fauth, A.C. and Frajuca, C. and Frossati, G. and Furtado, S.R. and Magalh{\~{a}}es, N.S. and Marinho Jr, R.M. and Melo, J.L. and Miranda, O.D. and Oliveira Jr, N.F. and Ribeiro, K.L. and Stellati, C. and Velloso Jr, W.F. and Weber, J.},
  doi      = {10.1088/0264-9381/23/8/S30},
  journal  = {Class. Quantum Grav.},
  keywords = {Bar detectors, Gravitational wave detectors},
  pages    = {S239--S244},
  title    = {The Brazilian gravitational wave detector Mario Schenberg: status report},
  volume   = {23},
  year     = {2006}
}
@article{LIGOS5,
  author        = {Abbott, B. and others},
  collaboration = {LIGO Scientific Collaboration},
  doi           = {10.1088/0034-4885/72/7/076901},
  id            = {076901},
  journal       = {Rep. Prog. Phys.},
  keywords      = {Gravitational wave detectors, LIGO},
  title         = {LIGO: the Laser Interferometer Gravitational-Wave Observatory},
  volume        = {72},
  year          = {2009}
}
@article{Papa:2008,
  archiveprefix = {arXiv},
  author        = {Papa, M.A.},
  doi           = {10.1088/0264-9381/25/11/114009},
  eprint        = {0802.0936},
  id            = {114009},
  journal       = {Class. Quantum Grav.},
  keywords      = {Gravitational wave astronomy},
  title         = {Progress towards gravitational-wave astronomy},
  volume        = {25},
  year          = {2008}
}
@article{TAMAStatus,
  author        = {Ando, M.},
  collaboration = {TAMA Collaboration},
  doi           = {10.1088/0264-9381/19/7/324},
  journal       = {Class. Quantum Grav.},
  keywords      = {Gravitational wave detectors, TAMA},
  pages         = {1409--1419},
  title         = {Current status of TAMA},
  volume        = {19},
  year          = {2002}
}
@inproceedings{Arai:2003,
  address       = {Tokyo},
  adsurl        = {http://adsabs.harvard.edu/abs/2003ICRC....5.3085A},
  author        = {Arai, K. and others},
  booktitle     = {28th International Cosmic Ray Conference (ICRC 2003)},
  collaboration = {TAMA Collaboration},
  conference    = {July 31\,--\,August 7, 2003, Trukuba, Japan},
  editor        = {Kajita, T. and Asaoka, Y. and Kawachi, A. and Matsubara, Y. and Sasaki, M.},
  keywords      = {Gravitational wave detectors, TAMA},
  pages         = {3085--3088},
  publisher     = {Universal Academy Press},
  series        = {Frontiers science series},
  title         = {Report on the Observation Run of TAMA300 in the Spring of 2003},
  volume        = {41},
  year          = {2003}
}
@article{Acernese:2007,
  author        = {Acernese, F. and others},
  collaboration = {Virgo Collaboration},
  doi           = {10.1088/0264-9381/24/19/S01},
  journal       = {Class. Quantum Grav.},
  keywords      = {Gravitational wave detectors, VIRGO},
  pages         = {S381--S388},
  title         = {Status of Virgo detector},
  volume        = {24},
  year          = {2007}
}
@article{Ando:2001,
  author        = {Ando, M. and others},
  collaboration = {TAMA Collaboration},
  doi           = {10.1103/PhysRevLett.86.3950},
  eprint        = {astro-ph/0105473},
  journal       = {Phys. Rev. Lett.},
  keywords      = {Gravitational wave detectors, TAMA},
  pages         = {3950--3954},
  title         = {Stable Operation of a 300-m Laser Interferometer with Sufficient Sensitivity to Detect Gravitational-Wave Events within Our Galaxy},
  volume        = {86},
  year          = {2001}
}
@article{Akutsu:2006,
  author        = {Akutsu, T. and others},
  collaboration = {TAMA Collaboration},
  doi           = {10.1103/PhysRevD.74.122002},
  journal       = {Phys. Rev. D},
  keywords      = {Coalescing binaries, Compact binaries, Gravitational wave detectors, TAMA},
  pages         = {122002},
  title         = {Results of the search for inspiraling compact star binaries from TAMA300's observation in 2000--2004},
  volume        = {74},
  year          = {2006}
}
@article{Abbott:2004a,
  author        = {Abbott, B. and others},
  collaboration = {LIGO Scientific Collaboration},
  doi           = {10.1016/j.nima.2003.11.124},
  eprint        = {gr-qc/0308043},
  journal       = {Nucl. Instrum. Methods A},
  keywords      = {GEO600, Gravitational wave detectors, LIGO},
  pages         = {154--179},
  title         = {Detector description and performance for the first coincidence observations between LIGO and GEO},
  volume        = {517},
  year          = {2004}
}
@techreport{LIGOSRD,
  address   = {Pasadena, CA},
  author    = {Lazzarini, A. and Weiss, R.},
  cited     = {16 January 2008},
  id        = {LIGO-E950018-02},
  keywords  = {Gravitational radiation, LIGO},
  publisher = {California Institute of Technology},
  title     = {LIGO Science Requirements Document (SRD)},
  url       = {http://www.ligo.caltech.edu/docs/E/E950018-02.pdf},
  year      = {1996}
}
@article{Abbott:2005a,
  author        = {Abbott, B. and others},
  collaboration = {LIGO Scientific Collaboration},
  doi           = {10.1103/PhysRevD.72.062001},
  id            = {062001},
  journal       = {Phys. Rev. D},
  keywords      = {Gravitational radiation, Gravitational wave bursts, LIGO},
  title         = {Upper limits on gravitational wave bursts in LIGO's second science run},
  volume        = {72},
  year          = {2005}
}
@article{Abbott:2005b,
  author        = {Abbott, B. and others},
  collaboration = {LIGO Scientific Collaboration},
  doi           = {10.1103/PhysRevD.72.082001},
  eprint        = {gr-qc/0505041},
  id            = {082001},
  journal       = {Phys. Rev. D},
  keywords      = {Coalescing binaries, Compact binaries, LIGO},
  title         = {Search for gravitational waves from galactic and extra-galactic binary neutron stars},
  volume        = {72},
  year          = {2005}
}
@article{Abbott:2005c,
  author        = {Abbott, B. and others},
  collaboration = {LIGO Scientific Collaboration and TAMA Collaboration},
  doi           = {10.1103/PhysRevD.72.122004},
  id            = {122004},
  journal       = {Phys. Rev. D},
  keywords      = {Gravitational wave bursts, LIGO, TAMA},
  title         = {Upper limits from the LIGO and TAMA detectors on the rate of gravitational-wave bursts},
  volume        = {72},
  year          = {2005}
}
@article{Abbott:2005d,
  author        = {Abbott, B. and others},
  collaboration = {LIGO Scientific Collaboration},
  doi           = {10.1103/PhysRevD.72.042002},
  eprint        = {gr-qc/0501068},
  id            = {042002},
  journal       = {Phys. Rev. D},
  keywords      = {Coalescing binaries, Compact binaries, Gamma-ray bursts, Gravitational wave bursts, LIGO},
  title         = {Search for gravitational waves associated with the gamma ray burst GRB030329 using the LIGO detectors},
  volume        = {72},
  year          = {2005}
}
@article{Abbott:2005e,
  author        = {Abbott, B. and others},
  collaboration = {LIGO Scientific Collaboration},
  doi           = {10.1103/PhysRevD.72.082002},
  eprint        = {gr-qc/0505042},
  id            = {082002},
  journal       = {Phys. Rev. D},
  keywords      = {Black holes, Coalescing binaries, Compact binaries, LIGO},
  title         = {Search for gravitational waves from primordial black hole binary coalescences in the galactic halo},
  volume        = {72},
  year          = {2005}
}
@article{Abbott:2005f,
  author        = {Abbott, B. and others},
  collaboration = {LIGO Scientific Collaboration},
  doi           = {10.1103/PhysRevLett.94.181103},
  eprint        = {gr-qc/0410007},
  id            = {181103},
  journal       = {Phys. Rev. Lett.},
  keywords      = {LIGO, Periodic gravitational waves, Pulsars},
  title         = {Limits on Gravitational-Wave Emission from Selected Pulsars Using LIGO Data},
  volume        = {94},
  year          = {2005}
}
@article{Abbott:2005g,
  author        = {Abbott, B. and others},
  collaboration = {LIGO Scientific Collaboration},
  doi           = {10.1103/PhysRevD.72.102004},
  eprint        = {gr-qc/0508065},
  id            = {102004},
  journal       = {Phys. Rev. D},
  keywords      = {LIGO, Periodic gravitational waves, Pulsars},
  title         = {First all-sky upper limits from LIGO on the strength of periodic gravitational waves using the Hough transform},
  volume        = {72},
  year          = {2005}
}
@article{Abbott:2005h,
  author        = {Abbott, B. and others},
  collaboration = {LIGO Scientific Collaboration},
  doi           = {10.1103/PhysRevLett.95.221101},
  eprint        = {astro-ph/0507254},
  id            = {221101},
  journal       = {Phys. Rev. Lett.},
  keywords      = {LIGO, Stochastic gravitational wave background},
  title         = {Upper Limits on a Stochastic Background of Gravitational Waves},
  volume        = {95},
  year          = {2005}
}
@article{Smith:2004,
  author   = {Smith, J.R. and Allen, B. and Aufmuth, P. and Aulbert, C. and Babak, S. and Balasubramanian, R. and Barr, B.W. and Berukoff, S. and Bunkowski, A. and Cagnoli, G. and Cantley, C.A. and Casey, M.M. and Chelkowski, S. and Churches, D. and Cokelaer, T. and Colacino, C.N. and Crooks, D.R.M. and Cutler, C. and Danzmann, K. and Davies, R. and Dupuis, R.J. and Elliffe, E. and Fallnich, C. and Franzen, A. and Freise, A. and Go{\ss}ler, S. and Grant, A. and Grote, H. and Grunewald, S. and Harms, J. and Heinzel, G. and Heng, I.S. and Hepstonstall, A. and Heurs, M. and Hewitson, M. and Hild, S. and Hough, J. and Itoh, Y. and Jones, R. and Huttner, S.H. and Kawabe, K. and Killow, C. and K{\"{o}}tter, K. and Krishnan, B. and Leonhardt, V. and L{\"{u}}ck, H. and Machenschalk, B. and Malec, M. and Mercer, R.A. and Messenger, C. and Mohanty, S. and Mossavi, K. and Mukherjee, S. and Murray, P. and Nagano, S. and Newton, G.P. and Papa, M.A. and Perreur-Lloyd, M. and Pitkin, M. and Plissi, M.V. and Quetschke, V. and Re, V. and Reid, S. and Ribichini, L. and Robertson, D.I. and Robertson, N.A. and Romano, J.D. and Rowan, S. and R{\"{u}}diger, A. and Sathyaprakash, B.S. and Schilling, R. and Schnabel, R. and Schutz, B.F. and Seifert, F. and Sintes, A.M. and Sneddon, P.H. and Strain, K.A. and Taylor, I. and Taylor, R. and Th{\"{u}}ring, A. and Ungarelli, C. and Vahlbruch, H. and Vecchio, A. and Veitch, J. and Ward, H. and Weiland, U. and Welling, H. and Williams, P. and Willke, B. and Winkler, W. and Woan, G. and Zawischa, I.},
  doi      = {10.1088/0264-9381/21/20/016},
  journal  = {Class. Quantum Grav.},
  keywords = {GEO600, Gravitational wave detectors},
  pages    = {S1737--S1745},
  title    = {Commissioning, characterization and operation of the dual-recycled GEO 600},
  volume   = {21},
  year     = {2004}
}
@article{Hild:2006a,
  author        = {Hild, S. and Grote, H. and Smith, J.R. and Hewitson, M.},
  collaboration = {GEO600-team},
  doi           = {10.1088/1742-6596/32/1/011},
  journal       = {J. Phys.: Conf. Ser.},
  keywords      = {GEO600, Gravitational wave astronomy, Gravitational wave detectors},
  pages         = {66--73},
  title         = {Towards gravitational wave astronomy: Commissioning and characterization of GEO600},
  volume        = {32},
  year          = {2006}
}
@article{Hild:2006b,
  author        = {Hild, S.},
  collaboration = {LIGO Scientific Collaboration},
  doi           = {10.1088/0264-9381/23/19/S02},
  journal       = {Class. Quantum Grav.},
  keywords      = {GEO600, Gravitational wave detectors},
  pages         = {S643--S651},
  title         = {The status of GEO 600},
  volume        = {23},
  year          = {2006}
}
@techreport{Sutton:2003,
  address   = {Pasadena, CA},
  author    = {Sutton, P.},
  cited     = {16 January 2008},
  id        = {LIGO-T030276-00-Z},
  keywords  = {Gravitational radiation, LIGO},
  publisher = {LIGO/California Institute of Technology},
  title     = {S3 Performance of the LIGO Interferometers as Measured by SenseMonitor},
  url       = {http://www.ligo.caltech.edu/docs/T/T030276-00.pdf},
  year      = {2003}
}
@article{Hewitson:2003,
  author   = {Hewitson, M. and Aufmuth, P. and Aulbert, C. and Babak, S. and Balasubramanian, R. and Barr, B.W. and Berukoff, S. and Cagnoli, G. and Cantley, C.A. and Casey, M.M. and Chelkowski, S. and Churches, D. and Colacino, C.N. and Crooks, D.R.M. and Cutler, C. and Danzmann, K. and Davies, R. and Dupuis, R. and Elliffe, E. and Fallnich, C. and Freise, A. and Go{\ss}ler, S. and Grant, A. and Grote, H. and Grunewald, S. and Harms, J. and Heinzel, G. and Heng, S. and Hepstonstall, A. and Heurs, M. and Hough, J. and Itoh, Y. and Jennrich, O. and Jones, R. and Hutter, S. and Kawabe, K. and Killow, C. and K{\"{o}}tter, K. and Krishnan, B. and Leonhardt, V. and L{\"{u}}ck, H. and Machenschalk, B. and Malec, M. and Mossavi, K. and Mohanty, S. and Mukherjee, S. and Nagano, S. and Newton, G.P. and Papa, M.A. and Perreur-Lloyd, M. and Pitkin, M. and Plissi, M.V. and Quetschke, V. and Reid, S. and Ribichini, L. and Robertson, D.I. and Robertson, N.A. and Rowan, S. and R{\"{u}}diger, A. and Sathyaprakash, B.S. and Schilling, R. and Schnabel, R. and Schutz, B.F. and Seifert, F. and Sintes, A.M. and Smith, J. and Sneddon, P. and Strain, K.A. and Taylor, I. and Torrie, C.I. and Vecchio, A. and Ward, H. and Weiland, U. and Welling, H. and Williams, P. and Willke, B. and Winkler, W. and Woan, G. and Zawischa, I.},
  doi      = {10.1088/0264-9381/20/17/301},
  journal  = {Class. Quantum Grav.},
  keywords = {GEO600, Gravitational wave detectors},
  pages    = {S581--S591},
  title    = {A report on the status of the GEO 600 gravitational wave detector},
  volume   = {20},
  year     = {2003}
}
@article{Willke:2004,
  author   = {Willke, B. and Aufmuth, P. and Aulbert, C. and Babak, S. and Balasubramanian, R. and Barr, B.W. and Berukoff, S. and Cagnoli, G. and Cantley, C.A. and Casey, M.M. and Chelkowski, S. and Churches, D. and Colacino, C.N. and Crooks, D.R.M. and Cutler, C. and Danzmann, K. and Davies, R. and Dupuis, R.J. and Elliffe, E. and Fallnich, C. and Freise, A. and Go{\ss}ler, S. and Grant, A. and Grote, H. and Grunewald, S. and Harms, J. and Heinzel, G. and Heng, I.S. and Hepstonstall, A. and Heurs, M. and Hewitson, M. and Hild, S. and Hough, J. and Ingley, R. and Itoh, Y. and Jennrich, O. and Jones, R. and Hutter, S.H. and Kawabe, K. and Killow, C. and K{\"{o}}tter, K. and Krishnan, B. and Leonhardt, V. and L{\"{u}}ck, H. and Machenschalk, B. and Malec, M. and Mercer, R.A. and Messenger, C. and Mohanty, S. and Mossavi, K. and Mukherjee, S. and Nagano, S. and Newton, G.P. and Papa, M.A. and Perreur-Lloyd, M. and Pitkin, M. and Plissi, M.V. and Quetschke, V. and Re, V. and Reid, S. and Ribichini, L. and Robertson, D.I. and Robertson, N.A. and Rowan, S. and R{\"{u}}diger, A. and Sathyaprakash, B.S. and Schilling, R. and Schnabel, R. and Schutz, B.F. and Seifert, F. and Sintes, A.M. and Smith, J.R. and Sneddon, P.H. and Strain, K.A. and Taylor, I. and Torrie, C.I. and Ungarelli, C. and Vecchio, A. and Ward, H. and Weiland, U. and Welling, H. and Williams, P. and Winkler, W. and Woan, G. and Zawischa, I.},
  doi      = {10.1088/0264-9381/21/5/006},
  journal  = {Class. Quantum Grav.},
  keywords = {GEO600, Gravitational wave detectors},
  pages    = {S417--S423},
  title    = {Status of GEO 600},
  volume   = {21},
  year     = {2004}
}
@article{Grote:2005,
  author   = {Grote, H. and Allen, B. and Aufmuth, P. and Aulbert, C. and Babak, S. and Balasubramanian, R. and Barr, B.W. and Berukoff, S. and Bunkowski, A. and Cagnoli, G. and Cantley, C.A. and Casey, M.M. and Chelkowski, S. and Churches, D. and Cokelaer, T. and Colacino, C.N. and Crooks, D.R.M. and Cutler, C. and Danzmann, K. and Davies, R. and Dupuis, R.J. and Elliffe, E. and Fallnich, C. and Franzen, A. and Freise, A. and Go{\ss}ler, S. and Grant, A. and Grunewald, S. and Harms, J. and Heinzel, G. and Heng, I.S. and Hepstonstall, A. and Heurs, M. and Hewitson, M. and Hild, S. and Hough, J. and Itoh, Y. and Jones, R. and Huttner, S.H. and Kawabe, K. and Killow, C. and K{\"{o}}tter, K. and Krishnan, B. and Leonhardt, V. and L{\"{u}}ck, H. and Machenschalk, B. and Malec, M. and Mercer, R.A. and Messenger, C. and Mohanty, S. and Mossavi, K. and Mukherjee, S. and Murray, P. and Nagano, S. and Newton, G.P. and Papa, M.A. and Perreur-Lloyd, M. and Pitkin, M. and Plissi, M.V. and Quetschke, V. and Re, V. and Reid, S. and Ribichini, L. and Robertson, D.I. and Robertson, N.A. and Romano, J.D. and Rowan, S. and R{\"{u}}diger, A. and Sathyaprakash, B.S. and Schilling, R. and Schnabel, R. and Schutz, B.F. and Seifert, F. and Sintes, A.M. and Smith, J.R. and Sneddon, P.H. and Strain, K.A. and Taylor, I. and Taylor, R. and Th{\"{u}}ring, A. and Ungarelli, C. and Vahlbruch, H. and Vecchio, A. and Veitch, J. and Ward, H. and Weiland, U. and Welling, H. and Williams, P. and Willke, B. and Winkler, W. and Woan, G. and Zawischa, I.},
  doi      = {10.1088/0264-9381/22/10/009},
  journal  = {Class. Quantum Grav.},
  keywords = {GEO600, Gravitational wave detectors},
  pages    = {S193--S198},
  title    = {The status of GEO 600},
  volume   = {22},
  year     = {2005}
}
@article{Willke:2007,
  author        = {Willke, B. and others},
  collaboration = {LIGO Scientific Collaboration},
  doi           = {10.1088/0264-9381/24/19/S02},
  journal       = {Class. Quantum Grav.},
  keywords      = {GEO600, Gravitational wave detectors},
  pages         = {S389--S397},
  title         = {GEO600: status and plans},
  volume        = {24},
  year          = {2007}
}
@article{Kalogera:2004a,
  author   = {Kalogera, V. and Kim, C. and Lorimer, D.R. and Burgay, M. and D'Amico, N. and Possenti, A. and Manchester, R.N. and Lyne, A.G. and Joshi, B.C. and McLaughlin, M.A. and Kramer, M. and Sarkissian, J.M. and Camilo, F.},
  doi      = {10.1086/382155},
  journal  = {Astrophys. J. Lett.},
  keywords = {Coalescing binaries, Compact binaries, Neutron stars},
  pages    = {L179--L182},
  title    = {The Cosmic Coalescence Rates for Double Neutron Star Binaries},
  volume   = {601},
  year     = {2004}
}
@article{Kalogera:2004b,
  author   = {Kalogera, V. and Kim, C. and Lorimer, D.R. and Burgay, M. and D'Amico, N. and Possenti, A. and Manchester, R.N. and Lyne, A.G. and Joshi, B.C. and McLaughlin, M.A. and Kramer, M. and Sarkissian, J.M. and Camilo, F.},
  doi      = {10.1086/425868},
  eprint   = {astro-ph/0312101},
  journal  = {Astrophys. J. Lett.},
  keywords = {Coalescing binaries, Compact binaries, Neutron stars},
  pages    = {L137--L138},
  title    = {Erratum: `The Cosmic Coalescence Rates for Double Neutron Star Binaries'},
  volume   = {614},
  year     = {2004}
}
@article{OShaughnessy:2005,
  adsurl   = {http://adsabs.harvard.edu/abs/2005ApJ...633.1076O},
  author   = {O'Shaughnessy, R. and Kim, C. and Fragos, T. and Kalogera, V. and Belczynski, K.},
  doi      = {10.1086/468180},
  eprint   = {astro-ph/0504479},
  journal  = {Astrophys. J.},
  keywords = {Coalescing binaries, Compact binaries, Neutron stars},
  pages    = {1076--1084},
  title    = {Constraining Population Synthesis Models via the Binary Neutron Star Population},
  volume   = {633},
  year     = {2005}
}
@article{OShaughnessy:2008,
  author   = {O'Shaughnessy, R. and Kim, C. and Kalogera, V. and Belczynski, K.},
  doi      = {10.1086/523620},
  journal  = {Astrophys. J.},
  keywords = {Coalescing binaries, Compact binaries, Neutron stars},
  pages    = {479--488},
  title    = {Constraining Population Synthesis Models via Empirical Binary Compact Object Merger and Supernova Rates},
  volume   = {672},
  year     = {2008}
}
@inproceedings{Acernese:2004,
  address       = {Bellingham, WA},
  author        = {Acernese, F. and others},
  booktitle     = {Gravitational Wave and Particle Astrophysics Detectors},
  collaboration = {VIRGO Collaboration},
  conference    = {Glasgow, Scotland, UK, 23 June 2004},
  doi           = {10.1117/12.578278},
  editor        = {Hough, J. and Sanders, G.H.},
  keywords      = {Gravitational wave detectors, VIRGO},
  pages         = {58--69},
  publisher     = {SPIE},
  series        = {Proc. SPIE},
  title         = {Status of VIRGO},
  volume        = {5500},
  year          = {2004}
}
@article{Acernese:2005,
  author        = {Acernese, F. and others},
  collaboration = {VIRGO Collaboration},
  doi           = {10.1088/0264-9381/22/18/S01},
  journal       = {Class. Quantum Grav.},
  keywords      = {Gravitational wave detectors, VIRGO},
  pages         = {S869--S880},
  title         = {Status of Virgo},
  volume        = {22},
  year          = {2005}
}
@article{Acernese:2006,
  author        = {Acernese, F. and others},
  collaboration = {VIRGO Collaboration},
  doi           = {10.1088/0264-9381/23/8/S09},
  journal       = {Class. Quantum Grav.},
  keywords      = {Gravitational wave detectors, VIRGO},
  pages         = {S63--S69},
  title         = {The status of VIRGO},
  volume        = {23},
  year          = {2006}
}
@thesis{Hereld:1984,
  address  = {Pasadena, CA},
  author   = {Hereld, M.},
  format   = {phd},
  keywords = {Gravitational radiation, Pulsars},
  school   = {California Institute of Technology},
  title    = {A search for gravitational radiation from PSR 1937+214},
  year     = {1984}
}
@article{Allen:1999,
  author   = {Allen, B. and Blackburn, J.K. and Brady, P.R. and Creighton, J.D. and Creighton, T. and Droz, S. and Gillespie, A.D. and Hughes, S.A. and Kawamura, S. and Lyons, T.T. and Mason, J.E. and Owen, B.J. and Raab, F.J. and Regehr, M.W. and Sathyaprakash, B.S. and Savage, R.L. and Whitcomb, S. and Wiseman, A.G.},
  doi      = {10.1103/PhysRevLett.83.1498},
  eprint   = {gr-qc/9903108},
  journal  = {Phys. Rev. Lett.},
  keywords = {Coalescing binaries, Compact binaries, Gravitational radiation},
  pages    = {1498--1501},
  title    = {Observational Limit on Gravitational Waves from Binary Neutron Stars in the Galaxy},
  volume   = {83},
  year     = {1999}
}
@article{Nicholson:1996,
  author   = {Nicholson, D. and Dickson, C.A. and Watkins, W.J. and Schutz, B.F. and Shuttleworth, J. and Jones, G.S. and Robertson, D.I. and MacKenzie, N.L. and Strain, K.A. and Meers, B.J. and Newton, G.P. and Ward, H. and Cantley, C.A. and Robertson, N.A. and Hough, J. and Danzmann, K. and Niebauer, T.M. and Ruediger, A. and Schilling, R. and Schnupp, L. and Winkler, W.},
  doi      = {10.1016/0375-9601(96)00438-0},
  eprint   = {gr-qc/9605048},
  journal  = {Phys. Lett. A},
  keywords = {Gravitational wave detectors},
  pages    = {175--180},
  title    = {Results of the first coincident observations by two laser-interferometric gravitational wave detectors},
  volume   = {218},
  year     = {1996}
}
@article{Niebauer:1993,
  author   = {Niebauer, T.M. and R{\"{u}}diger, A. and Schilling, R. and Schnupp, L. and Winkler, W. and Danzmann, K.},
  doi      = {10.1103/PhysRevD.47.3106},
  journal  = {Phys. Rev. D},
  keywords = {Gravitational wave detectors, Periodic gravitational waves, Pulsars},
  pages    = {3106--3123},
  title    = {Pulsar search using data compression with the Garching gravitational wave detector},
  volume   = {47},
  year     = {1993}
}
@thesis{Smith:1988,
  address  = {Pasadena, CA},
  author   = {Smith, S.L.},
  format   = {phd},
  keywords = {Coalescing binaries, Compact binaries, Gravitational radiation, Pulsars},
  school   = {California Institute of Technology},
  title    = {A search for gravitational waves from coalesing binary stars using the Caltech 40 meter gravity wave detector},
  year     = {1988}
}
@article{Abbott:2004b,
  author        = {Abbott, B. and others},
  collaboration = {LIGO Scientific Collaboration},
  doi           = {10.1103/PhysRevD.69.102001},
  id            = {102001},
  journal       = {Phys. Rev. D},
  keywords      = {Gravitational wave bursts, LIGO},
  title         = {First upper limits from LIGO on gravitational wave bursts},
  volume        = {69},
  year          = {2004}
}
@article{Baggio:2008,
  author        = {Baggio, L. and others},
  collaboration = {AURIGA Collaboration and LIGO Scientific Collaboration},
  doi           = {10.1088/0264-9381/25/9/095004},
  id            = {095004},
  journal       = {Class. Quantum Grav.},
  keywords      = {AURIGA, Bar detectors, Gravitational wave bursts, LIGO},
  title         = {A joint search for gravitational wave bursts with AURIGA and LIGO},
  volume        = {25},
  year          = {2008}
}
@article{Abbott:2004c,
  author        = {Abbott, B. and others},
  collaboration = {LIGO Scientific Collaboration},
  doi           = {10.1103/PhysRevD.69.122001},
  eprint        = {gr-qc/0308069},
  id            = {122001},
  journal       = {Phys. Rev. D},
  keywords      = {Coalescing binaries, Compact binaries, LIGO},
  title         = {Analysis of LIGO data for gravitational waves from binary neutron stars},
  volume        = {69},
  year          = {2004}
}
@article{Abbott:2004d,
  author        = {Abbott, B. and others},
  collaboration = {LIGO Scientific Collaboration},
  doi           = {10.1103/PhysRevD.69.082004},
  eprint        = {gr-qc/0308050},
  id            = {082004},
  journal       = {Phys. Rev. D},
  keywords      = {LIGO, Periodic gravitational waves, Pulsars},
  title         = {Setting upper limits on the strength of periodic gravitational waves from PSR J1939+2134 using the first science data from the GEO 600 and LIGO detectors},
  volume        = {69},
  year          = {2004}
}
@article{Abbott:2004e,
  author        = {Abbott, B. and others},
  collaboration = {LIGO Scientific Collaboration},
  doi           = {10.1103/PhysRevD.69.122004},
  eprint        = {gr-qc/0312088},
  id            = {122004},
  journal       = {Phys. Rev. D},
  keywords      = {LIGO, Stochastic gravitational wave background},
  title         = {Analysis of first LIGO science data for stochastic gravitational waves},
  volume        = {69},
  year          = {2004}
}
@article{Abbott:2006a,
  author        = {Abbott, B. and others},
  collaboration = {LIGO Scientific Collaboration},
  doi           = {10.1103/PhysRevD.73.062001},
  eprint        = {gr-qc/0509129},
  id            = {062001},
  journal       = {Phys. Rev. D},
  keywords      = {Black holes, Coalescing binaries, Compact binaries, LIGO},
  title         = {Search for gravitational waves from binary black hole inspirals in LIGO data},
  volume        = {73},
  year          = {2006}
}
@article{Abbott:2006b,
  author        = {Abbott, B. and others},
  collaboration = {LIGO Scientific Collaboration and TAMA Collaboration},
  doi           = {10.1103/PhysRevD.73.102002},
  eprint        = {gr-qc/0512078},
  id            = {102002},
  journal       = {Phys. Rev. D},
  keywords      = {Coalescing binaries, Compact binaries, LIGO, Neutron stars, TAMA},
  title         = {Joint LIGO and TAMA300 search for gravitational waves from inspiralling neutron star binaries},
  volume        = {73},
  year          = {2006}
}
@article{Abbott:2007a,
  author        = {Abbott, B. and others},
  collaboration = {LIGO Scientific Collaboration},
  doi           = {10.1103/PhysRevD.76.082001},
  id            = {082001},
  journal       = {Phys. Rev. D},
  keywords      = {LIGO, Neutron stars, Periodic gravitational waves},
  title         = {Searches for periodic gravitational waves from unknown isolated sources and Scorpius X-1: Results from the second LIGO science run},
  volume        = {76},
  year          = {2007}
}
@article{Abbott:2007b,
  archiveprefix = {arXiv},
  author        = {Abbott, B. and others},
  collaboration = {LIGO Scientific Collaboration},
  doi           = {10.1088/0264-9381/24/22/002},
  eprint        = {0704.0943},
  journal       = {Class. Quantum Grav.},
  keywords      = {Gravitational wave bursts, LIGO},
  pages         = {5343--5369},
  title         = {Search for gravitational-wave bursts in LIGO data from the fourth science run},
  volume        = {24},
  year          = {2007}
}
@article{Abbott:2007c,
  author        = {Abbott, B. and others},
  collaboration = {LIGO Scientific Collaboration},
  doi           = {10.1103/PhysRevD.76.062003},
  eprint        = {astro-ph/0703419},
  id            = {062003},
  journal       = {Phys. Rev. D},
  keywords      = {Gravitational wave bursts, LIGO, Soft gamma repeaters},
  title         = {Search for gravitational wave radiation associated with the pulsating tail of the SGR 1806-20 hyperflare of 27 December 2004 using LIGO},
  volume        = {76},
  year          = {2007}
}
@article{Abbott:2007d,
  author        = {Abbott, B. and others},
  collaboration = {LIGO Scientific Collaboration},
  doi           = {10.1103/PhysRevD.76.042001},
  eprint        = {gr-qc/0702039},
  id            = {042001},
  journal       = {Phys. Rev. D},
  keywords      = {LIGO, Periodic gravitational waves, Pulsars},
  title         = {Upper limits on gravitational wave emission from 78 radio pulsars},
  volume        = {76},
  year          = {2007}
}
@article{Abbott:2007e,
  author        = {Abbott, B. and others},
  collaboration = {LIGO Scientific Collaboration},
  doi           = {10.1086/511329},
  eprint        = {astro-ph/0608606},
  journal       = {Astrophys. J.},
  keywords      = {Cosmology, LIGO, Stochastic gravitational wave background},
  pages         = {918--930},
  title         = {Searching for a Stochastic Background of Gravitational Waves with the Laser Interferometer Gravitational-Wave Observatory},
  volume        = {659},
  year          = {2007}
}
@article{Abbott:2007f,
  author        = {Abbott, B. and others},
  collaboration = {LIGO Scientific Collaboration},
  doi           = {10.1103/PhysRevD.76.082003},
  eprint        = {astro-ph/0703234},
  id            = {082003},
  journal       = {Phys. Rev. D},
  keywords      = {LIGO, Stochastic gravitational wave background},
  title         = {Upper limit map of a background of gravitational waves},
  volume        = {76},
  year          = {2007}
}
@article{Abbott:2007g,
  author        = {Abbott, B. and others},
  collaboration = {LIGO Scientific Collaboration and ALLEGRO Collaboration},
  doi           = {10.1103/PhysRevD.76.022001},
  eprint        = {gr-qc/0703068},
  id            = {022001},
  journal       = {Phys. Rev. D},
  keywords      = {Bar detectors, LIGO, Stochastic gravitational wave background},
  numpages      = {17},
  title         = {First cross-correlation analysis of interferometric and resonant-bar gravitational-wave data for stochastic backgrounds},
  volume        = {76},
  year          = {2007}
}
@article{Abbott:2008a,
  author        = {Abbott, B. and others},
  collaboration = {LIGO Scientific Collaboration},
  doi           = {10.1103/PhysRevD.77.062002},
  id            = {062002},
  journal       = {Phys. Rev. D},
  keywords      = {Coalescing binaries, Compact binaries, LIGO},
  title         = {Search for gravitational waves from binary inspirals in S3 and S4 LIGO data},
  volume        = {77},
  year          = {2008}
}
@article{Abbott:2008b,
  archiveprefix = {arXiv},
  author        = {Abbott, B. and others},
  collaboration = {LIGO Scientific Collaboration},
  doi           = {10.1088/0264-9381/25/24/245008},
  eprint        = {0807.2834},
  id            = {245008},
  journal       = {Class. Quantum Grav.},
  keywords      = {GEO600, Gravitational wave bursts, LIGO},
  title         = {First joint search for gravitational-wave bursts in LIGO and GEO 600 data},
  volume        = {25},
  year          = {2008}
}
@article{Abbott:2008c,
  author        = {Abbott, B. and others},
  collaboration = {LIGO Scientific Collaboration},
  doi           = {10.1103/PhysRevD.77.062004},
  eprint        = {arXiv:0709.0766},
  id            = {062004},
  journal       = {Phys. Rev. D},
  keywords      = {Coalescing binaries, Compact binaries, Gamma-ray bursts, Gravitational wave bursts, LIGO},
  title         = {Search for gravitational waves associated with 39 gamma-ray bursts using data from the second, third, and fourth LIGO runs},
  volume        = {77},
  year          = {2008}
}
@article{Abbott:2008d,
  author        = {Abbott, B. and others},
  collaboration = {LIGO Scientific Collaboration},
  doi           = {10.1103/PhysRevD.78.042002},
  eprint        = {arXiv:0712.2050},
  id            = {042002},
  journal       = {Phys. Rev. D},
  keywords      = {Black holes, Coalescing binaries, Compact binaries, LIGO, Neutron stars},
  title         = {Search of S3 LIGO data for gravitational wave signals from spinning black hole and neutron star binary inspirals},
  volume        = {78},
  year          = {2008}
}
@article{Abbott:2008e,
  archiveprefix = {arXiv},
  author        = {Abbott, B. and others},
  collaboration = {LIGO Scientific Collaboration},
  doi           = {10.1103/PhysRevD.77.022001},
  eprint        = {0708.3818},
  id            = {022001},
  journal       = {Phys. Rev. D},
  keywords      = {LIGO, Periodic gravitational waves},
  title         = {All-sky search for periodic gravitational waves in LIGO S4 data},
  volume        = {77},
  year          = {2008}
}
@article{Abbott:2008f,
  archiveprefix = {arXiv},
  author        = {Abbott, B. and others},
  collaboration = {LIGO Scientific Collaboration},
  doi           = {10.1103/PhysRevD.79.022001},
  eprint        = {0804.1747},
  id            = {022001},
  journal       = {Phys. Rev. D},
  keywords      = {LIGO, Periodic gravitational waves},
  title         = {Einstein(AT)Home search for periodic gravitational waves in LIGO S4 data},
  volume        = {79},
  year          = {2009}
}
@article{Abbott:2008g,
  author        = {Abbott, B. and others},
  collaboration = {LIGO Scientific Collaboration},
  doi           = {10.1086/587954},
  eprint        = {arXiv:0711.1163},
  journal       = {Astrophys. J.},
  keywords      = {Coalescing binaries, Compact binaries, Gamma-ray bursts, LIGO, Neutron stars},
  pages         = {1419--1430},
  title         = {Implications for the Origin of GRB 070201 from LIGO Observations},
  volume        = {681},
  year          = {2008}
}
@article{Abbott:2008h,
  archiveprefix = {arXiv},
  author        = {Abbott, B. and others},
  collaboration = {LIGO Scientific Collaboration},
  doi           = {10.1103/PhysRevLett.101.211102},
  eprint        = {0808.2050},
  id            = {211102},
  journal       = {Phys. Rev. Lett.},
  keywords      = {Gravitational wave bursts, LIGO, Soft gamma repeaters},
  title         = {Search for Gravitational-Wave Bursts from Soft Gamma Repeaters},
  volume        = {101},
  year          = {2008}
}
@article{Abbott:2008i,
  archiveprefix = {arXiv},
  author        = {Abbott, B. and others},
  collaboration = {LIGO Scientific Collaboration},
  doi           = {10.1103/PhysRevLett.102.111102},
  eprint        = {0810.0283},
  id            = {111102},
  journal       = {Phys. Rev. Lett.},
  keywords      = {LIGO, Periodic gravitational waves},
  title         = {All-Sky LIGO Search for Periodic Gravitational Waves in the Early Fifth-Science-Run Data},
  volume        = {102},
  year          = {2009}
}
@article{Abbott:2008j,
  archiveprefix = {arXiv},
  author        = {Abbott, B. and others},
  collaboration = {LIGO Scientific Collaboration},
  doi           = {10.1086/591526},
  eprint        = {0805.4758},
  journal       = {Astrophys. J. Lett.},
  keywords      = {LIGO, Periodic gravitational waves, Pulsars},
  pages         = {L45--L49},
  title         = {Beating the Spin-Down Limit on Gravitational Wave Emission from the Crab Pulsar},
  volume        = {683},
  year          = {2008}
}
@article{Abbott:2009a,
  archiveprefix = {arXiv},
  author        = {Abbott, B. and others},
  collaboration = {LIGO Scientific Collaboration},
  doi           = {10.1103/PhysRevD.80.042003},
  eprint        = {0905.1705},
  id            = {042003},
  journal       = {Phys. Rev. D},
  keywords      = {LIGO, Periodic gravitational waves, Pulsars},
  title         = {Einstein(AT)Home search for periodic gravitational waves in early S5 LIGO data},
  volume        = {80},
  year          = {2009}
}
@article{Abbott:2009b,
  author        = {Abbott, B. and others},
  collaboration = {LIGO Scientific Collaboration and Virgo Collaboration},
  doi           = {10.1038/nature08278},
  journal       = {Nature},
  keywords      = {Cosmology, LIGO, Stochastic gravitational wave background},
  pages         = {990--994},
  title         = {An upper limit on the stochastic gravitational-wave background of cosmological origin},
  volume        = {460},
  year          = {2009}
}
@article{Abbott:2009c,
  archiveprefix = {arXiv},
  author        = {Abbott, B. and others},
  collaboration = {LIGO Scientific Collaboration},
  doi           = {10.1088/0004-637X/701/2/L68},
  eprint        = {0905.0005},
  journal       = {Astrophys. J. Lett.},
  keywords      = {Gamma-ray bursts, Gravitational wave bursts, LIGO, Soft gamma repeaters},
  pages         = {L68--L74},
  title         = {Stacked Search for Gravitational Waves from the 2006 SGR 1900+14 Storm},
  volume        = {701},
  year          = {2009}
}
@article{Abbott:2009d,
  archiveprefix = {arXiv},
  author        = {Abbott, B. and others},
  collaboration = {LIGO Scientific Collaboration and Virgo Collaboration},
  doi           = {10.1088/0004-637X/715/2/1438},
  eprint        = {0908.3824},
  journal       = {Astrophys. J.},
  keywords      = {Coalescing binaries, Compact binaries, Gamma-ray bursts, Gravitational wave bursts, LIGO},
  pages         = {1438--1452},
  primaryclass  = {astro-ph.HE},
  title         = {Search For Gravitational-wave Bursts Associated with Gamma-ray Bursts using Data from LIGO Science Run 5 and Virgo Science Run 1},
  volume        = {715},
  year          = {2010}
}
@article{Abbott:2009e,
  archiveprefix = {arXiv},
  author        = {Abbott, B. and others},
  collaboration = {LIGO Scientific Collaboration},
  doi           = {10.1103/PhysRevD.79.122001},
  eprint        = {0901.0302},
  id            = {122001},
  journal       = {Phys. Rev. D},
  keywords      = {Coalescing binaries, Compact binaries, LIGO},
  title         = {Search for gravitational waves from low mass binary coalescences in the first year of LIGO's S5 data},
  volume        = {79},
  year          = {2009}
}
@article{Abbott:2009f,
  archiveprefix = {arXiv},
  author        = {Abbott, B. and others},
  collaboration = {LIGO Scientific Collaboration},
  doi           = {10.1103/PhysRevD.80.047101},
  eprint        = {0905.3710},
  id            = {047101},
  journal       = {Phys. Rev. D},
  keywords      = {Coalescing binaries, Compact binaries, LIGO},
  title         = {Search for gravitational waves from low mass compact binary coalescence in 186 days of LIGO's fifth science run},
  volume        = {80},
  year          = {2009}
}
@article{Abbott:2009g,
  archiveprefix = {arXiv},
  author        = {Abbott, B. and others},
  collaboration = {LIGO Scientific Collaboration},
  doi           = {10.1103/PhysRevD.80.062001},
  eprint        = {0905.1654},
  id            = {062001},
  journal       = {Phys. Rev. D},
  keywords      = {Black holes, Gravitational wave bursts, LIGO},
  title         = {Search for gravitational wave ringdowns from perturbed black holes in LIGO S4 data},
  volume        = {80},
  year          = {2009}
}
@article{Abbott:2009h,
  archiveprefix = {arXiv},
  author        = {Abbott, B. and others},
  collaboration = {LIGO Scientific Collaboration},
  doi           = {10.1103/PhysRevD.80.102001},
  eprint        = {0905.0020},
  id            = {102001},
  journal       = {Phys. Rev. D},
  keywords      = {Gravitational wave bursts, LIGO},
  primaryclass  = {gr-qc},
  title         = {Search for gravitational-wave bursts in the first year of the fifth LIGO science run},
  volume        = {80},
  year          = {2009}
}
@article{Abbott:2009i,
  archiveprefix = {arXiv},
  author        = {Abbott, B. and others},
  collaboration = {LIGO Scientific Collaboration},
  doi           = {10.1103/PhysRevD.80.102002},
  eprint        = {0904.4910},
  id            = {102002},
  journal       = {Phys. Rev. D},
  keywords      = {Gravitational wave bursts, LIGO},
  primaryclass  = {gr-qc},
  title         = {Search for high frequency gravitational-wave bursts in the first calendar year of LIGO's fifth science run},
  volume        = {80},
  year          = {2009}
}
@article{Abbott:2009j,
  archiveprefix = {arXiv},
  author        = {Abbott, B. and others},
  collaboration = {LIGO Scientific Collaboration},
  doi           = {10.1103/PhysRevD.80.062002},
  eprint        = {0904.4718},
  id            = {062002},
  journal       = {Phys. Rev. D},
  keywords      = {Cosmic strings, Gravitational wave bursts, LIGO},
  primaryclass  = {astro-ph.CO},
  title         = {First LIGO search for gravitational wave bursts from cosmic (super)strings},
  volume        = {80},
  year          = {2009}
}
@article{Abbott:2010a,
  archiveprefix = {arXiv},
  author        = {Abbott, B. and others},
  collaboration = {LIGO Scientific Collaboration and Virgo Collaboration},
  doi           = {10.1088/0004-637X/713/1/671},
  eprint        = {0909.3583},
  journal       = {Astrophys. J.},
  keywords      = {LIGO, Periodic gravitational waves, Pulsars},
  pages         = {671--685},
  primaryclass  = {astro-ph.HE},
  title         = {Searches for Gravitational Waves from Known Pulsars with Science Run 5 LIGO Data},
  volume        = {713},
  year          = {2010}
}
@article{Abadie:2011a,
  archiveprefix = {arXiv},
  author        = {Abadie, J. and others},
  collaboration = {LIGO Scientific Collaboration and Virgo Collaboration},
  doi           = {10.1103/PhysRevD.83.122005},
  eprint        = {1102.3781},
  id            = {122005},
  journal       = {Phys. Rev. D},
  keywords      = {Coalescing binaries, Compact binaries, Gravitational waves, LIGO},
  primaryclass  = {gr-qc},
  title         = {Search for gravitational waves from binary black hole inspiral, merger and ringdown},
  volume        = {83},
  year          = {2011}
}
@ARTICLE{Abadie:2011b,
   author = {{Abadie}, J. and others},
    title = "{Beating the Spin-down Limit on Gravitational Wave Emission from the Vela Pulsar}",
  journal = {Astrophys. J.},
archivePrefix = "arXiv",
   eprint = {1104.2712},
 primaryClass = "astro-ph.HE",
 keywords = {gravitational waves, pulsars: individual: PSR J0835{\ndash}4510, stars: neutron},
     year = 2011,
    month = aug,
   volume = 737,
      eid = {93},
    pages = {93},
      doi = {10.1088/0004-637X/737/2/93}
}
@article{Fairhurst:2009,
  archiveprefix = {arXiv},
  author        = {Fairhurst, S. and Guidi, G.M. and Hello, P. and Whelan, J.T. and Woan, G.},
  doi           = {10.1007/s10714-010-1009-1},
  eprint        = {0908.4006},
  journal       = {Gen. Relativ. Gravit.},
  keywords      = {Gravitational wave astronomy},
  pages         = {387--407},
  primaryclass  = {gr-qc},
  title         = {Current status of gravitational wave observations},
  volume        = {43},
  year          = {2010}
}
@article{Acernese:2008a,
  adsurl        = {http://adsabs.harvard.edu/abs/2008CQGra..25v5001A},
  archiveprefix = {arXiv},
  author        = {Acernese, F. and others},
  collaboration = {Virgo Collaboration},
  doi           = {10.1088/0264-9381/25/22/225001},
  eprint        = {0803.0376},
  id            = {225001},
  journal       = {Class. Quantum Grav.},
  keywords      = {Coalescing binaries, Compact binaries, Gamma-ray bursts, Gravitational wave bursts, VIRGO},
  primaryclass  = {gr-qc},
  title         = {Search for gravitational waves associated with GRB 050915a using the Virgo detector},
  volume        = {25},
  year          = {2008}
}
@article{Knispel:2008,
  archiveprefix = {arXiv},
  author        = {Knispel, B. and Allen, B.},
  doi           = {10.1103/PhysRevD.78.044031},
  eprint        = {0804.3075},
  id            = {044031},
  journal       = {Phys. Rev. D},
  keywords      = {Periodic gravitational waves, Pulsars},
  title         = {Blandford's argument: The strongest continuous gravitational wave signal},
  volume        = {78},
  year          = {2008}
}
@techreport{Golenetskii:2007a,
  address   = {Greenbelt, MD},
  author    = {Golenetskii, S. and Aptekar, R. and Mazets, E. and Pal'Shin, V. and Frederiks, D. and Cline, T. and von Kienlin, A. and Lichti, G. and Rau, A. and Gotz, D. and Mereghetti, S. and Cummings, J. and Barthelmy, S. and Gehrels, N. and Krimm, H. and Hurley, K. and Smith, D.M. and Lin, R.P. and McTiernan, J. and Schwartz, R. and Wigger, C. and Hajdas, W. and Zehnder, A. and Yamaoka, K. and Ohno, M. and Fukazawa, Y. and Takahashi, T. and Tashiro, M. and Terada, Y. and Murakami, T. and Makishima, K.},
  cited     = {16 February 2011},
  keywords  = {Gamma-ray bursts},
  publisher = {GSFC/NASA},
  series    = {GCN Circular},
  title     = {IPN localization of very intense short GRB 070201},
  url       = {http://gcn.gsfc.nasa.gov/gcn/gcn3/6088.gcn3},
  volume    = {6088},
  year      = {2007}
}
@techreport{Golenetskii:2007b,
  address   = {Greenbelt, MD},
  author    = {Golenetskii, S. and Aptekar, R. and Mazets, E. and Pal'Shin, V. and Frederiks, D. and Cline, T.},
  cited     = {16 February 2011},
  keywords  = {Gamma-ray bursts},
  publisher = {GSFC/NASA},
  series    = {GCN Circular},
  title     = {GRB 070201: clarification on localization and konus-wind spectra},
  url       = {http://gcn.gsfc.nasa.gov/gcn3/6094.gcn3},
  volume    = {6094},
  year      = {2007}
}
@article{Hurley:2005,
  author   = {Hurley, K. and Boggs, S.E. and Smith, D.M. and Duncan, R.C. and Lin, R. and Zoglauer, A. and Krucker, S. and Hurford, G. and Hudson, H. and Wigger, C. and Hajdas, W. and Thompson, C. and Mitrofanov, I. and Sanin, A. and Boynton, W. and Fellows, C. and von Kienlin, A. and Lichti, G. and Rau, A. and Cline, T.},
  doi      = {10.1038/nature03519},
  eprint   = {astro-ph/0502329},
  journal  = {Nature},
  keywords = {Soft gamma repeaters},
  pages    = {1098--1103},
  title    = {An exceptionally bright flare from SGR 1806-20 and the origins of short-duration $\gamma$-ray bursts},
  volume   = {434},
  year     = {2005}
}
@techreport{EnhancedLIGO,
  address   = {Pasadena, CA},
  author    = {Adhikari, R. and Fritschel, P. and Waldman, S.},
  cited     = {10 November 2008},
  id        = {LIGO-T060156-01},
  keywords  = {Gravitational radiation, LIGO},
  publisher = {LIGO},
  title     = {Enhanced LIGO},
  url       = {http://www.ligo.caltech.edu/docs/T/T060156-01.pdf},
  year      = {2006}
}
@article{Willke:2006,
  author   = {Willke, B. and Ajith, P. and Allen, B. and Aufmuth, P. and Aulbert, C. and Babak, S. and Balasubramanian, R. and Barr, B.W. and Berukoff, S. and Bunkowski, A. and Cagnoli, G. and Cantley, C.A. and Casey, M.M. and Chelkowski, S. and Chen, Y. and Churches, D. and Cokelaer, T. and Colacino, C.N. and Crooks, D.R.M. and Cutler, C. and Danzmann, K. and Dupuis, R.J. and Elliffe, E. and Fallnich, C. and Franzen, A. and Freise, A. and Gholami, I. and Go{\ss}ler, S. and Grant, A. and Grote, H. and Grunewald, S. and Harms, J. and Hage, B. and Heinzel, G. and Heng, I.S. and Hepstonstall, A. and Heurs, M. and Hewitson, M. and Hild, S. and Hough, J. and Itoh, Y. and Jones, G. and Jones, R. and Huttner, S.H. and K{\"{o}}tter, K. and Krishnan, B. and Kwee, P. and L{\"{u}}ck, H. and Luna, M. and Machenschalk, B. and Malec, M. and Mercer, R.A. and Meier, T. and Messenger, C. and Mohanty, S. and Mossavi, K. and Mukherjee, S. and Murray, P. and Newton, G.P. and Papa, M.A. and Perreur-Lloyd, M. and Pitkin, M. and Plissi, M.V. and Prix, R. and Quetschke, V. and Re, V. and Regimbau, T. and Rehbein, H. and Reid, S. and Ribichini, L. and Robertson, D.I. and Robertson, N.A. and Robinson, C. and Romano, J.D. and Rowan, S. and R{\"{u}}diger, A. and Sathyaprakash, B.S. and Schilling, R. and Schnabel, R. and Schutz, B.F. and Seifert, F. and Sintes, A.M. and Smith, J.R. and Sneddon, P.H. and Strain, K.A. and Taylor, I. and Taylor, R. and Th{\"{u}}ring, A. and Ungarelli, C. and Vahlbruch, H. and Vecchio, A. and Veitch, J. and Ward, H. and Weiland, U. and Welling, H. and Wen, L. and Williams, P. and Winkler, W. and Woan, G. and Zhu, R.},
  doi      = {10.1088/0264-9381/23/8/S26},
  journal  = {Class. Quantum Grav.},
  keywords = {GEO600, Gravitational wave detectors},
  pages    = {S207--S214},
  title    = {The GEO-HF project},
  volume   = {23},
  year     = {2006}
}
@article{Whitcomb:2008,
  author   = {Whitcomb, S.E.},
  doi      = {10.1088/0264-9381/25/11/114013},
  id       = {114013},
  journal  = {Class. Quantum Grav.},
  keywords = {Gravitational wave detectors},
  title    = {Ground-based gravitational-wave detection: now and future},
  volume   = {25},
  year     = {2008}
}
@article{Vahlbruch:2008,
  archiveprefix = {arXiv},
  author        = {Vahlbruch, H. and Mehmet, M. and Chelkowski, S. and Hage, B. and Franzen, A. and Lastzka, N. and Go{\ss}ler, S. and Danzmann, K. and Schnabel, R.},
  doi           = {10.1103/PhysRevLett.100.033602},
  eprint        = {0706.1431},
  id            = {033602},
  journal       = {Phys. Rev. Lett.},
  keywords      = {Interferometry, Squeezed light},
  title         = {Observation of Squeezed Light with 10-dB Quantum-Noise Reduction},
  volume        = {100},
  year          = {2008}
}
@article{Chelkowski:2007,
  author   = {Chelkowski, S. and Vahlbruch, H. and Danzmann, K. and Schnabel, R.},
  doi      = {10.1103/PhysRevA.75.043814},
  id       = {043814},
  journal  = {Phys. Rev. A},
  keywords = {Interferometry, Squeezed light},
  title    = {Coherent control of broadband vacuum squeezing},
  volume   = {75},
  year     = {2007}
}
@article{Acernese:2008b,
  author        = {Acernese, F. and others},
  collaboration = {Virgo Collaboration},
  doi           = {10.1088/0264-9381/25/18/184001},
  id            = {184001},
  journal       = {Class. Quantum Grav.},
  keywords      = {Gravitational wave detectors, VIRGO},
  title         = {Virgo status},
  volume        = {25},
  year          = {2008}
}
@techreport{AdvLIGO,
  address       = {Pasadena, CA},
  cited         = {14 November 2008},
  collaboration = {LIGO Scientific Collaboration},
  id            = {LIGO-M060056-08},
  keywords      = {Gravitational radiation, LIGO},
  publisher     = {LIGO},
  title         = {Advanced LIGO Reference Design},
  url           = {http://www.ligo.caltech.edu/docs/M/M060056-08/M060056-08.pdf},
  year          = {2007}
}
@article{Harry:2010,
  author        = {Harry, G.M.},
  collaboration = {LIGO Scientific Collaboration},
  doi           = {10.1088/0264-9381/27/8/084006},
  id            = {084006},
  journal       = {Class. Quantum Grav.},
  keywords      = {Gravitational wave detectors, LIGO},
  title         = {Advanced LIGO: the next generation of gravitational wave detectors},
  volume        = {27},
  year          = {2010}
}
@article{Kopparapu:2008,
  archiveprefix = {arXiv},
  author        = {Kopparapu, R.K. and Hanna, C. and Kalogera, V. and O'Shaughnessy, R. and Gonz{\'{a}}lez, G. and Brady, P.R. and Fairhurst, S.},
  doi           = {10.1086/527348},
  eprint        = {0706.1283},
  journal       = {Astrophys. J.},
  keywords      = {Coalescing binaries, Compact binaries},
  pages         = {1459--1467},
  title         = {Host Galaxies Catalog Used in LIGO Searches for Compact Binary Coalescence Events},
  volume        = {675},
  year          = {2008}
}
@article{Hild:2009,
  archiveprefix = {arXiv},
  author        = {Hild, S. and Grote, H. and Degallaix, J. and Chelkowski, S. and Danzmann, K. and Freise, A. and Hewitson, M. and Hough, J. and L{\"{u}}ck, H. and Prijatelj, M. and Strain, K.A. and Smith, J.R. and Willke, B.},
  doi           = {10.1088/0264-9381/26/5/055012},
  eprint        = {0811.3242},
  id            = {055012},
  journal       = {Class. Quantum Grav.},
  keywords      = {Gravitational wave detectors, Interferometer readout},
  primaryclass  = {gr-qc},
  title         = {DC-readout of a signal-recycled gravitational wave detector},
  volume        = {26},
  year          = {2009}
}
@article{Miyoki:2005,
  author        = {Miyoki, S.},
  collaboration = {LCGT Collaboration},
  doi           = {10.1016/j.nuclphysbps.2004.11.101},
  journal       = {Nucl. Phys. B (Proc. Suppl.)},
  keywords      = {Cryogenic gravitational wave detectors, Gravitational wave detectors},
  pages         = {439--442},
  title         = {Large scale cryogenic gravitational wave telescope},
  volume        = {138},
  year          = {2005}
}
@article{Ohashi:2008,
  author        = {Ohashi, M.},
  collaboration = {LCGT Collaboration},
  doi           = {10.1088/1742-6596/120/3/032008},
  id            = {032008},
  journal       = {J. Phys.: Conf. Ser.},
  keywords      = {CLIO, Cryogenic gravitational wave detectors, Gravitational wave detectors, LCGT},
  title         = {Status of LCGT and CLIO},
  volume        = {120},
  year          = {2008}
}
@article{Yamamoto:2008,
  archiveprefix = {arXiv},
  author        = {Yamamoto, K. and Uchiyama, T. and Miyoki, S. and Ohashi, M. and Kuroda, K. and Ishitsuka, H. and Akutsu, T. and Telada, S. and Tomaru, T. and Suzuki, T. and Sato, N. and Saito, Y. and Higashi, Y. and Haruyama, T. and Yamamoto, A. and Shintomi, T. and Tatsumi, D. and Ando, M. and Tagoshi, H. and Kanda, N. and Awaya, N. and Yamagishi, S. and Takahashi, H. and Araya, A. and Takamori, A. and Takemoto, S. and Higashi, T. and Hayakawa, H. and Morii, W. and Akamatsu, J.},
  doi           = {10.1088/1742-6596/122/1/012002},
  eprint        = {0805.2384},
  id            = {012002},
  journal       = {J. Phys.: Conf. Ser.},
  keywords      = {CLIO, Cryogenic gravitational wave detectors, Gravitational wave detectors},
  title         = {Current status of the CLIO project},
  volume        = {122},
  year          = {2008}
}
@article{Akutsu:2008,
  author   = {Akutsu, T. and Ando, M. and Haruyama, T. and Kanda, N. and Kuroda, K. and Miyoki, S. and Ohashi, M. and Saito, Y. and Sato, N. and Shintomi, T. and Suzuki, T. and Tagoshi, H. and Takahashi, H. and Tatsumi, D. and Telada, S. and Tomaru, T. and Uchiyama, T. and Yamamoto, A. and Yamamoto, K.},
  doi      = {10.1088/0264-9381/25/18/184013},
  id       = {184013},
  journal  = {Class. Quantum Grav.},
  keywords = {CLIO, Periodic gravitational waves, Pulsars},
  title    = {Search for continuous gravitational waves from PSR J0835-4510 using CLIO data},
  volume   = {25},
  year     = {2008}
}
@techreport{AdvVirgoWhitepaper,
  address       = {Cascina},
  author        = {Flaminio, R. and Freise, A. and Gennai, A. and Hello, P. and La Penna, P. and Losurdo, G. and L{\"{u}}ck, H. and Man, N. and Masserot, A. and Mours, B. and Punturo, M. and Spallicci, A. and Vicer{\'{e}}, A.},
  cited         = {16 February 2011},
  collaboration = {Virgo Collaboration},
  id            = {VIR-NOT-DIR-1390-304},
  keywords      = {Gravitational wave detectors, Interferometry, VIRGO},
  publisher     = {Virgo},
  title         = {Advanced Virgo White Paper},
  url           = {https://tds.ego-gw.it/ql/?c=1544},
  year          = {2005}
}
@techreport{AdvVirgoDesign,
  address       = {Cascina},
  author        = {Acernese, F. and others},
  cited         = {16 February 2011},
  collaboration = {Virgo Collaboration},
  id            = {VIR-089A-08},
  keywords      = {Gravitational wave detectors, Interferometry, VIRGO},
  publisher     = {Virgo},
  title         = {Advanced Virgo Preliminary Design},
  url           = {https://tds.ego-gw.it/ql/?c=2110},
  year          = {2008}
}
@online{ETweb,
  cited     = {5 January 2009},
  format    = {project homepage},
  keywords  = {Einstein Telescope, Gravitational wave detectors, Interferometry},
  publisher = {European Gravitational Observatory (EGO)},
  title     = {Einstein Telescope},
  url       = {http://www.et-gw.eu/},
  year      = {2008}
}
@inproceedings{Prix:2006,
  address       = {Berlin},
  author        = {Prix, R. and others},
  booktitle     = {Neutron Stars and Pulsars},
  cited         = {28 June 2011},
  collaboration = {LIGO Scientific Collaboration},
  conference    = {363rd WE-Heraeus Seminar, Bad Honnef, Germany, May 14\,--\,16, 2006},
  doi           = {10.1007/978-3-540-76965-1_24},
  editor        = {Becker, W. and Huang, H.H.},
  keywords      = {Neutron stars, Periodic gravitational waves, Pulsars},
  onlineversion = {http://edoc.mpg.de/288718},
  pages         = {651--685},
  publisher     = {Springer},
  series        = {Astrophysics and Space Science Library},
  title         = {Gravitational Waves from Spinning Neutron Stars},
  volume        = {357},
  year          = {2009}
}
@article{Klimenko:2004,
  author   = {Klimenko, S. and Mitselmakher, G.},
  doi      = {10.1088/0264-9381/21/20/025},
  journal  = {Class. Quantum Grav.},
  keywords = {Gravitational wave bursts, Gravitational wave detection algorithms},
  pages    = {S1819--S1830},
  title    = {A wavelet method for detection of gravitational wave bursts},
  volume   = {21},
  year     = {2004}
}
@ARTICLE{2008CQGra..25k4029K,
   author = {{Klimenko}, S. and {Yakushin}, I. and {Mercer}, A. and {Mitselmakher}, G.},
    title = "{A coherent method for detection of gravitational wave bursts}",
  journal = {Class. Quantum Grav.},
archivePrefix = "arXiv",
   eprint = {0802.3232},
 primaryClass = "gr-qc",
     year = 2008,
    month = jun,
   volume = 25,
   number = 11,
      eid = {114029},
    pages = {114029},
      doi = {10.1088/0264-9381/25/11/114029}
}
@article{Anderson:2001,
  author   = {Anderson, W.G. and Brady, P.R. and Creighton, J.D. and Flanagan, {\'{E}}.{\'{E}}.},
  doi      = {10.1103/PhysRevD.63.042003},
  eprint   = {gr-qc/0008066},
  id       = {042003},
  journal  = {Phys. Rev. D},
  keywords = {Gravitational wave bursts, Gravitational wave detection algorithms},
  title    = {Excess power statistic for detection of burst sources of gravitational radiation},
  volume   = {63},
  year     = {2001}
}
@article{Searle:2008,
  archiveprefix = {arXiv},
  author        = {Searle, A.C. and Sutton, P.J. and Tinto, M.},
  doi           = {10.1088/0264-9381/26/15/155017},
  eprint        = {0809.2809},
  id            = {155017},
  journal       = {Class. Quantum Grav.},
  keywords      = {Gravitational wave bursts, Gravitational wave detection algorithms},
  title         = {Bayesian detection of unmodeled bursts of gravitational waves},
  volume        = {26},
  year          = {2009}
}
@article{McNabb:2004,
  author   = {McNabb, J.W.C. and Ashley, M. and Finn, L.S. and Rotthoff, E. and Stuver, A. and Summerscales, T. and Sutton, P. and Tibbits, M. and Thorne, K. and Zaleski, K.},
  doi      = {10.1088/0264-9381/21/20/013},
  journal  = {Class. Quantum Grav.},
  keywords = {Gravitational wave bursts, Gravitational wave detection algorithms},
  pages    = {S1705--S1710},
  title    = {Overview of the BlockNormal event trigger generator},
  volume   = {21},
  year     = {2004}
}
@article{Cadonati:2004,
  author   = {Cadonati, L.},
  doi      = {10.1088/0264-9381/21/20/012},
  journal  = {Class. Quantum Grav.},
  keywords = {Gravitational wave bursts, Gravitational wave detection algorithms},
  pages    = {S1695--S1703},
  title    = {Coherent waveform consistency test for LIGO burst candidates},
  volume   = {21},
  year     = {2004}
}
@article{Chatterji:2004,
  author   = {Chatterji, S. and Blackburn, L. and Martin, G. and Katsavounidis, E.},
  doi      = {10.1088/0264-9381/21/20/024},
  journal  = {Class. Quantum Grav.},
  keywords = {Gravitational wave bursts, Gravitational wave detection algorithms},
  pages    = {S1809--S1818},
  title    = {Multiresolution techniques for the detection of gravitational-wave bursts},
  volume   = {21},
  year     = {2004}
}
@article{Chatterji:2006,
  author   = {Chatterji, S. and Lazzarini, A. and Stein, L. and Sutton, P.J. and Searle, A. and Tinto, M.},
  doi      = {10.1103/PhysRevD.74.082005},
  eprint   = {gr-qc/0605002},
  id       = {082005},
  journal  = {Phys. Rev. D},
  keywords = {Gravitational wave bursts, Gravitational wave detection algorithms},
  title    = {Coherent network analysis technique for discriminating gravitational-wave bursts from instrumental noise},
  volume   = {74},
  year     = {2006}
}
@article{Owen:1996,
  author   = {Owen, B.J.},
  doi      = {10.1103/PhysRevD.53.6749},
  eprint   = {gr-qc/9511032},
  journal  = {Phys. Rev. D},
  keywords = {Coalescing binaries, Compact binaries, Gravitational wave detection algorithms, Matched filter},
  pages    = {6749--6761},
  title    = {Search templates for gravitational waves from inspiraling binaries: Choice of template spacing},
  volume   = {53},
  year     = {1996}
}
@article{Owen:1999,
  author   = {Owen, B.J. and Sathyaprakash, B.S.},
  doi      = {10.1103/PhysRevD.60.022002},
  eprint   = {gr-qc/9808076},
  id       = {022002},
  journal  = {Phys. Rev. D},
  keywords = {Coalescing binaries, Compact binaries, Gravitational wave detection algorithms, Matched filter},
  title    = {Matched filtering of gravitational waves from inspiraling compact binaries: Computational cost and template placement},
  volume   = {60},
  year     = {1999}
}
@article{Brady:2000,
  author   = {Brady, P.R. and Creighton, T.},
  doi      = {10.1103/PhysRevD.61.082001},
  eprint   = {gr-qc/9812014},
  id       = {082001},
  journal  = {Phys. Rev. D},
  keywords = {Periodic gravitational waves},
  title    = {Searching for periodic sources with LIGO. II. Hierarchical searches},
  volume   = {61},
  year     = {2000}
}
@article{Krishnan:2004,
  author   = {Krishnan, B. and Sintes, A.M. and Papa, M.A. and Schutz, B.F. and Frasca, S. and Palomba, C.},
  doi      = {10.1103/PhysRevD.70.082001},
  eprint   = {gr-qc/0407001},
  id       = {082001},
  journal  = {Phys. Rev. D},
  keywords = {Periodic gravitational waves},
  title    = {Hough transform search for continuous gravitational waves},
  volume   = {70},
  year     = {2004}
}
@article{Jaranowski:1998,
  author   = {Jaranowski, P. and Kr{\'{o}}lak, A. and Schutz, B.F.},
  doi      = {10.1103/PhysRevD.58.063001},
  eprint   = {gr-qc/9804014},
  id       = {063001},
  journal  = {Phys. Rev. D},
  keywords = {Periodic gravitational waves},
  title    = {Data analysis of gravitational-wave signals from spinning neutron stars: The signal and its detection},
  volume   = {58},
  year     = {1998}
}
@article{Dupuis:2005,
  author   = {Dupuis, R.J. and Woan, G.},
  doi      = {10.1103/PhysRevD.72.102002},
  eprint   = {gr-qc/0508096},
  id       = {102002},
  journal  = {Phys. Rev. D},
  keywords = {Periodic gravitational waves, Pulsars},
  title    = {Bayesian estimation of pulsar parameters from gravitational wave data},
  volume   = {72},
  year     = {2005}
}
@article{Allen:1999b,
  author   = {Allen, B. and Romano, J.D.},
  doi      = {10.1103/PhysRevD.59.102001},
  eprint   = {gr-qc/9710117},
  id       = {102001},
  journal  = {Phys. Rev. D},
  keywords = {Gravitational radiation, Stochastic gravitational wave background},
  title    = {Detecting a stochastic background of gravitational radiation: Signal processing strategies and sensitivities},
  volume   = {59},
  year     = {1999}
}
@article{Freise:2008,
  archiveprefix = {arXiv},
  author        = {Freise, A. and Chelkowski, S. and Hild, S. and Del Pozzo, W. and Perreca, A. and Vecchio, A.},
  doi           = {10.1088/0264-9381/26/8/085012},
  eprint        = {0804.1036},
  id            = {085012},
  journal       = {Class. Quantum Grav.},
  keywords      = {Einstein Telescope, Gravitational wave detectors, Interferometry},
  title         = {Triple Michelson Interferometer for a Third-Generation Gravitational Wave Detector},
  volume        = {26},
  year          = {2009}
}
@preprint{Hild:2008,
  archiveprefix = {arXiv},
  author        = {Hild, S. and Chelkowski, S. and Freise, A.},
  eprint        = {0810.0604},
  keywords      = {Einstein Telescope, Gravitational wave detectors, Interferometry},
  primaryclass  = {gr-qc},
  title         = {Pushing towards the ET sensitivity using `conventional' technology},
  year          = {2008}
}
@article{Sathyaprakash:2009,
  archiveprefix = {arXiv},
  author        = {Sathyaprakash, B.S. and Schutz, B.F.},
  cited         = {3 March 2009},
  eprint        = {0903.0338},
  id            = {lrr-2009-2},
  journal       = {Living Rev. Relativity},
  keywords      = {Gravitational wave astronomy},
  title         = {Physics, Astrophysics and Cosmology with Gravitational Waves},
  url           = {http://www.livingreviews.org/lrr-2009-2},
  volume        = {12},
  year          = {2009}
}
@article{Jennrich:2009,
  archiveprefix = {arXiv},
  author        = {Jennrich, O.},
  doi           = {10.1088/0264-9381/26/15/153001},
  eprint        = {0906.2901},
  id            = {153001},
  journal       = {Class. Quantum Grav.},
  keywords      = {Gravitational wave detectors, Interferometry, LISA, LISA Pathfinder, Space missions},
  title         = {LISA technology and instrumentation},
  volume        = {26},
  year          = {2009}
}
@article{Armano:2009,
  author   = {Armano, M. and Benedetti, M. and Bogenstahl, J. and Bortoluzzi, D. and Bosetti, P. and Brandt, N. and Cavalleri, A. and Ciani, G. and Cristofolini, I. and Cruise, A.M. and Danzmann, K. and Diepholz, I. and Dixon, G. and Dolesi, R. and Fauste, J. and Ferraioli, L. and Fertin, D. and Fichter, W. and Freschi, M. and Garc{\'{\i}}a, A. and Garc{\'{\i}}a, C. and Grynagier, A. and Guzm{\'{a}}n, F. and Fitzsimons, E. and Heinzel, G. and Hewitson, M. and Hollington, D. and Hough, J. and Hueller, M. and Hoyland, D. and Jennrich, O. and Johlander, B. and Killow, C. and Lobo, A. and Mance, D. and Mateos, I. and McNamara, P.W. and Monsky, A. and Nicolini, D. and Nicolodi, D. and Nofrarias, M. and Perreur-Lloyd, M. and Plagnol, E. and Racca, G.D. and Ramos-Castro, J. and Robertson, D. and Sanjuan, J. and Schulte, M.O. and Shaul, D.N.A. and Smit, M. and Stagnaro, L. and Steier, F. and Sumner, T.J. and Tateo, N. and Tombolato, D. and Vischer, G. and Vitale, S. and Wanner, G. and Ward, H. and Waschke, S. and Wand, V. and Wass, P. and Weber, W.J. and Ziegler, T. and Zweifel, P.},
  doi      = {10.1088/0264-9381/26/9/094001},
  id       = {094001},
  journal  = {Class. Quantum Grav.},
  keywords = {Gravitational wave detectors, Interferometry, LISA, LISA Pathfinder, Space missions},
  title    = {LISA Pathfinder: the experiment and the route to LISA},
  volume   = {26},
  year     = {2009}
}
@article{Ando:2009,
  author        = {Ando, M. and others},
  collaboration = {DECIGO Collaboration},
  doi           = {10.1088/0264-9381/26/9/094019},
  id            = {094019},
  journal       = {Class. Quantum Grav.},
  keywords      = {Gravitational wave detectors, Space missions},
  title         = {DECIGO pathfinder},
  volume        = {26},
  year          = {2009}
}
@article{Sato:2009,
  author        = {Sato, S. and others},
  collaboration = {DECIGO Collaboration},
  doi           = {10.1088/1742-6596/154/1/012040},
  id            = {012040},
  journal       = {J. Phys.: Conf. Ser.},
  keywords      = {Gravitational wave detectors, Space missions},
  title         = {DECIGO: The Japanese space gravitational wave antenna},
  volume        = {154},
  year          = {2009}
}
@article{Cutler:2009,
  archiveprefix = {arXiv},
  author        = {Cutler, C. and Holz, D.E.},
  doi           = {10.1103/PhysRevD.80.104009},
  eprint        = {0906.3752},
  id            = {104009},
  journal       = {Phys. Rev. D},
  keywords      = {Cosmology, Gravitational wave detectors, Space missions},
  title         = {Ultrahigh precision cosmology from gravitational waves},
  volume        = {80},
  year          = {2009}
}
@article{Crowder:2005,
  author   = {Crowder, J. and Cornish, N.J.},
  doi      = {10.1103/PhysRevD.72.083005},
  eprint   = {gr-qc/0506015},
  id       = {083005},
  journal  = {Phys. Rev. D},
  keywords = {Cosmology, Gravitational wave detectors, Space missions},
  title    = {Beyond LISA: Exploring future gravitational wave missions},
  volume   = {72},
  year     = {2005}
}
@article{Harry:2006,
  author   = {Harry, G.M. and Fritschel, P. and Shaddock, D.A. and Folkner, W. and Phinney, E.S.},
  doi      = {10.1088/0264-9381/23/15/008},
  journal  = {Class. Quantum Grav.},
  keywords = {Cosmology, Gravitational wave detectors, Space missions},
  pages    = {4887--4894},
  title    = {Laser interferometry for the Big Bang Observer},
  volume   = {23},
  year     = {2006}
}
@article{Ni:2009,
  archiveprefix = {arXiv},
  author        = {Ni, W.-T.},
  doi           = {10.1088/0264-9381/26/7/075021},
  eprint        = {0812.0887},
  id            = {075021},
  journal       = {Class. Quantum Grav.},
  keywords      = {Gravitational wave detectors, Space missions},
  title         = {Super-ASTROD: probing primordial gravitational waves and mapping the outer solar system},
  volume        = {26},
  year          = {2009}
}
@article{Johann:2008,
  author   = {Johann, U.A. and Ayre, M. and Gath, P.F. and Holota, W. and Marenaci, P. and Schulte, H.R. and Weimer, P. and Weise, D.},
  doi      = {10.1088/1742-6596/122/1/012005},
  id       = {012005},
  journal  = {J. Phys.: Conf. Ser.},
  keywords = {Gravitational wave detectors, LISA, Space missions},
  title    = {The European Space Agency's LISA mission study: status and present results},
  volume   = {122},
  year     = {2008}
}
@online{LISATechReports,
  cited     = {3 September 2009},
  format    = {project homepage},
  keywords  = {Gravitational wave detectors, Interferometry, LISA, Space missions},
  publisher = {GSFC/NASA},
  title     = {LISA: Laser Interferometer Space Antenna Project -- Documentation},
  url       = {http://lisa.gsfc.nasa.gov/documentation.html}
}
@online{LISAESAstatement,
  cited     = {10 June 2011},
  format    = {project homepage},
  keywords  = {Gravitational wave detectors, Interferometry, LISA, Space missions},
  publisher = {European Space Agency},
  title     = {Next steps for LISA},
  url       = {http://sci.esa.int/science-e/www/object/index.cfm?fobjectid=48728}
}
@article{Aylott:2009,
  archiveprefix = {arXiv},
  author        = {Aylott, B. and Baker, J.G. and Boggs, W.D. and Boyle, M. and Brady, P.R. and Brown, D.A. and Br{\"{u}}gmann, B. and Buchman, L.T. and Buonanno, A. and Cadonati, L. and Camp, J. and Campanelli, M. and Centrella, J. and Chatterji, S. and Christensen, N. and Chu, T. and Diener, P. and Dorband, N. and Etienne, Z.B. and Faber, J. and Fairhurst, S. and Farr, B. and Fischetti, S. and Guidi, G. and Goggin, L.M. and Hannam, M. and Herrmann, F. and Hinder, I. and Husa, S. and Kalogera, V. and Keppel, D. and Kidder, L.E. and Kelly, B.J. and Krishnan, B. and Laguna, P. and Lousto, C.O. and Mandel, I. and Marronetti, P. and Matzner, R. and McWilliams, S.T. and Matthews, K.D. and Mercer, R.A. and Mohapatra, S.R.P. and Mrou{\'{e}}, A.H. and Nakano, H. and Ochsner, E. and Pan, Y. and Pekowsky, L. and Pfeiffer, H.a.P. and Pollney, D. and Pretorius, F. and Raymond, V. and Reisswig, C. and Rezzolla, L. and Rinne, O. and Robinson, C. and R{\"{o}}ver, C. and Santamar{\'{\i}}a, L. and Sathyaprakash, B. and Scheel, M.A. and Schnetter, E. and Seiler, J. and Shapiro, S.L. and Shoemaker, D. and Sperhake, U. and Stroeer, A. and Sturani, R. and Tichy, W. and Liu, Y.T. and van der Sluys, M. and van Meter, J.R. and Vaulin, R. and Vecchio, A. and Veitch, J. and Vicer{\'{e}}, A. and Whelan, J.T. and Zlochower, Y.},
  doi           = {10.1088/0264-9381/26/16/165008},
  eprint        = {0901.4399},
  id            = {165008},
  journal       = {Class. Quantum Grav.},
  keywords      = {Black holes, Coalescing binaries, Compact binaries, Neutron stars, Numerical relativity},
  title         = {Testing gravitational-wave searches with numerical relativity waveforms: results from the first Numerical INJection Analysis (NINJA) project},
  volume        = {26},
  year          = {2009}
}
@article{Sheard:2003,
  author   = {Sheard, B.S. and Gray, M.B. and McClelland, D.E. and Shaddock, D.A.},
  doi      = {10.1016/j.physleta.2003.10.076},
  journal  = {Phys. Lett. A},
  keywords = {Gravitational wave detectors, Laser frequency stabilization, LISA},
  pages    = {9--21},
  title    = {Laser frequency stabilization by locking to a LISA arm},
  volume   = {320},
  year     = {2003}
}
@article{Tinto:2005,
  author   = {Tinto, M. and Dhurandhar, S.V.},
  cited    = {3 September 2009},
  id       = {lrr-2005-4},
  journal  = {Living Rev. Relativity},
  keywords = {Interferometry, LISA},
  title    = {Time Delay Interferometry},
  url      = {http://www.livingreviews.org/lrr-2005-4},
  volume   = {8},
  year     = {2005}
}
@article{Abadie:2010a,
  archiveprefix = {arXiv},
  author        = {Abadie, J. and others},
  collaboration = {LIGO Scientific Collaboration and Virgo Collaboration},
  doi           = {10.1103/PhysRevD.83.042001},
  eprint        = {1011.1357},
  id            = {042001},
  journal       = {Phys. Rev. D},
  keywords      = {Gravitational wave bursts, LIGO, Pulsars},
  title         = {A search for gravitational waves associated with the August 2006 timing glitch of the Vela pulsar},
  volume        = {83},
  year          = {2011}
}
@article{Abadie:2010b,
  archiveprefix = {arXiv},
  author        = {Abadie, J. and others},
  collaboration = {LIGO Scientific Collaboration and Virgo Collaboration},
  doi           = {10.1088/0004-637X/715/2/1453},
  eprint        = {1001.0165},
  journal       = {Astrophys. J.},
  keywords      = {Coalescing binaries, Compact binaries, Gamma-ray bursts, LIGO},
  pages         = {1453--1461},
  primaryclass  = {astro-ph.HE},
  title         = {Search for Gravitational-wave Inspiral Signals Associated with Short Gamma-ray Bursts During LIGO's Fifth and Virgo's First Science Run},
  volume        = {715},
  year          = {2010}
}
@article{Abadie:2010c,
  archiveprefix = {arXiv},
  author        = {Abadie, J. and others},
  collaboration = {LIGO Scientific Collaboration and Virgo Collaboration},
  doi           = {10.1088/2041-8205/734/2/L35},
  eprint        = {1011.4079},
  id            = {L35},
  journal       = {Astrophys. J. Lett.},
  keywords      = {Gravitational wave bursts, LIGO, Neutron stars},
  primaryclass  = {astro-ph.HE},
  title         = {Search for Gravitational Wave Bursts from Six Magnetars},
  volume        = {734},
  year          = {2011}
}
@article{Abadie:2010d,
  archiveprefix = {arXiv},
  author        = {Abadie, J. and others},
  collaboration = {LIGO Scientific Collaboration and Virgo Collaboration},
  doi           = {10.1103/PhysRevD.81.102001},
  eprint        = {1002.1036},
  id            = {102001},
  journal       = {Phys. Rev. D},
  keywords      = {GEO600, Gravitational wave bursts, LIGO, VIRGO},
  primaryclass  = {gr-qc},
  title         = {All-sky search for gravitational-wave bursts in the first joint LIGO-GEO-Virgo run},
  volume        = {81},
  year          = {2010}
}
@article{Abadie:2010e,
  archiveprefix = {arXiv},
  author        = {Abadie, J. and others},
  collaboration = {LIGO Scientific Collaboration and Virgo Collaboration},
  doi           = {10.1088/0264-9381/27/17/173001},
  eprint        = {1003.2480},
  id            = {173001},
  journal       = {Class. Quantum Grav.},
  keywords      = {Coalescing binaries, Compact binaries},
  primaryclass  = {astro-ph.HE},
  title         = {Predictions for the rates of compact binary coalescences observable by ground-based gravitational-wave detectors},
  volume        = {27},
  year          = {2010}
}
@article{Abadie:2010f,
  author        = {Abadie, J. and others},
  collaboration = {LIGO Scientific Collaboration and Virgo Collaboration},
  doi           = {10.1103/PhysRevD.82.102001},
  id            = {102001},
  journal       = {Phys. Rev. D},
  keywords      = {Coalescing binaries, Compact binaries, LIGO, VIRGO},
  title         = {Search for gravitational waves from compact binary coalescence in LIGO and Virgo data from S5 and VSR1},
  volume        = {82},
  year          = {2010}
}
@article{Abadie:2010g,
  archiveprefix = {arXiv},
  author        = {Abadie, J. and others},
  collaboration = {LIGO Scientific Collaboration and Virgo Collaboration},
  doi           = {10.1088/0004-637X/722/2/1504},
  eprint        = {1006.2535},
  journal       = {Astrophys. J.},
  keywords      = {LIGO, Neutron stars, Periodic gravitational waves},
  pages         = {1504--1513},
  primaryclass  = {gr-qc},
  title         = {First Search for Gravitational Waves from the Youngest Known Neutron Star},
  volume        = {722},
  year          = {2010}
}
@article{Grote:2010,
  author        = {Grote, H.},
  collaboration = {LIGO Scientific Collaboration},
  doi           = {10.1088/0264-9381/27/8/084003},
  id            = {084003},
  journal       = {Class. Quantum Grav.},
  keywords      = {GEO600, Gravitational wave detectors},
  title         = {The GEO 600 status},
  volume        = {27},
  year          = {2010}
}
@article{Predoi:2010,
  archiveprefix = {arXiv},
  author        = {Predoi, V. and Clark, J. and Creighton, T. and Daw, E. and Fairhurst, S. and Heng, I.S. and Kanner, J. and Regimbau, T. and Shawhan, P. and Siemens, X. and Sutton, P. and Vecchio, A. and White, D. and Woan, G.},
  doi           = {10.1088/0264-9381/27/8/084018},
  eprint        = {0912.0476},
  id            = {084018},
  journal       = {Class. Quantum Grav.},
  keywords      = {Gravitational wave bursts, Multi-messenger astronomy, Radio astronomy},
  primaryclass  = {gr-qc},
  title         = {Prospects for joint radio telescope and gravitational-wave searches for astrophysical transients},
  volume        = {27},
  year          = {2010}
}
@article{Pradier:2010,
  archiveprefix = {arXiv},
  author        = {Pradier, T.},
  collaboration = {Antares Collaboration},
  doi           = {10.1088/0264-9381/27/19/194004},
  eprint        = {1004.5579},
  id            = {194004},
  journal       = {Class. Quantum Grav.},
  keywords      = {Multi-messenger astronomy, Neutrino detectors},
  primaryclass  = {astro-ph.HE},
  title         = {The Antares neutrino telescope and multi-messenger astronomy},
  volume        = {27},
  year          = {2010}
}
@article{Chassande:2010,
  author        = {Chassande-Mottin, E.},
  collaboration = {Ligo Scientific Collaboration and Virgo Collaboration},
  doi           = {10.1088/1742-6596/243/1/012002},
  id            = {012002},
  journal       = {J. Phys.: Conf. Ser.},
  keywords      = {Gravitational wave bursts, Multi-messenger astronomy, Neutrino detectors},
  title         = {Joint searches for gravitational waves and high-energy neutrinos},
  volume        = {243},
  year          = {2010}
}
@article{Coward:2010,
  archiveprefix = {arXiv},
  author        = {Coward, D.M. and Todd, M. and Vaalsta, T.P. and Laas-Bourez, M. and Klotz, A. and Imerito, A. and Yan, L. and Luckas, P. and Fletcher, A.B. and Zadnik, M.G. and Burman, R.R. and Blair, D.G. and Zadko, J. and Bo{\"{e}}r, M. and Thierry, P. and Howell, E.J. and Gordon, S. and Ahmat, A. and Moore, J.A. and Frost, K.},
  doi           = {10.1071/AS09078},
  eprint        = {1006.3933},
  journal       = {Publ. Astron. Soc. Australia},
  keywords      = {Gravitational wave bursts, Multi-messenger astronomy, Transients},
  pages         = {331--339},
  primaryclass  = {astro-ph.IM},
  title         = {The Zadko Telescope: A Southern Hemisphere Telescope for Optical Transient Searches, Multi-Messenger Astronomy and Education},
  volume        = {27},
  year          = {2010}
}
@article{Kanner:2008,
  archiveprefix = {arXiv},
  author        = {Kanner, J. and Huard, T.L. and M{\'{a}}rka, S. and Murphy, D.C. and Piscionere, J. and Reed, M. and Shawhan, P.},
  doi           = {10.1088/0264-9381/25/18/184034},
  eprint        = {0803.0312},
  id            = {184034},
  journal       = {Class. Quantum Grav.},
  keywords      = {Gravitational wave bursts, Multi-messenger astronomy, Transients},
  title         = {LOOC UP: locating and observing optical counterparts to gravitational wave bursts},
  volume        = {25},
  year          = {2008}
}
@article{Aso:2008,
  archiveprefix = {arXiv},
  author        = {Aso, Y. and M{\'{a}}rka, Z. and Finley, C. and Dwyer, J. and Kotake, K. and M{\'{a}}rka, S.},
  doi           = {10.1088/0264-9381/25/11/114039},
  eprint        = {0711.0107},
  id            = {114039},
  journal       = {Class. Quantum Grav.},
  keywords      = {Gravitational wave bursts, Multi-messenger astronomy, Neutrino detectors},
  title         = {Search method for coincident events from LIGO and IceCube detectors},
  volume        = {25},
  year          = {2008}
}
@preprint{Phinney:2009,
  archiveprefix = {arXiv},
  author        = {Phinney, E.S.},
  eprint        = {0903.0098},
  keywords      = {Gravitational wave bursts, Multi-messenger astronomy, Transients},
  primaryclass  = {astro-ph.CO},
  title         = {Finding and Using Electromagnetic Counterparts of Gravitational Wave Sources},
  year          = {2009}
}
@techreport{Marx:2010,
  address   = {Pasadena, CA},
  author    = {Marx, J. and Whitcomb, S. and Blair, D. and Davidson, J. and Lazzarini, A. and McClelland, D. and Munch, J. and Reitze, D. and Shoemaker, D. and Weiss, R.},
  cited     = {24 November 2010},
  id        = {LIGO-M1000115-v6},
  keywords  = {Gravitational radiation, Gravitational wave detectors, LIGO},
  publisher = {LIGO},
  title     = {Expanding the LIGO Network: The Case for Installing an Advanced LIGO Detector in Australia},
  url       = {https://dcc.ligo.org/public/0011/M1000115/006/M1000115-v6-LIGO-AUS_WhitePaper.pdf},
  year      = {2010}
}
@article{Barriga:2010,
  author   = {Barriga, P. and Blair, D.G. and Coward, D. and Davidson, J. and Dumas, J.-C. and Howell, E. and Ju, L. and Wen, L. and Zhao, C. and McClelland, D.E. and Scott, S.M. and Slagmolen, B.J.J. and Inta, R. and Munch, J. and Ottaway, D.J. and Veitch, P. and Hosken, D. and Melatos, A. and Chung, C. and Sammut, L. and Galloway, D.K. and Marx, J. and Whitcomb, S. and Shoemaker, D. and Hughes, S.A. and Reitze, D.H. and Iyer, B.R. and Dhurandhar, S.V. and Souradeep, T. and Unnikrishnan, C.S. and Rajalakshmi, G. and Man, C.N. and Heidmann, A. and Cohadon, P.-F. and Briant, T. and Grote, H. and Danzmann, K. and L{\"{u}}ck, H. and Willke, B. and Strain, K.A. and Sathyaprakash, B.S. and Cao, J. and Cheung, Y.-K.E. and Zhang, Y.},
  doi      = {10.1088/0264-9381/27/8/084005},
  id       = {084005},
  journal  = {Class. Quantum Grav.},
  keywords = {Gravitational wave detectors},
  title    = {AIGO: a southern hemisphere detector for the worldwide array of ground-based interferometric gravitational wave detectors},
  volume   = {27},
  year     = {2010}
}
@article{Owen:2010,
  archiveprefix = {arXiv},
  author        = {Owen, B.J.},
  doi           = {10.1103/PhysRevD.82.104002},
  eprint        = {1006.1994},
  id            = {104002},
  journal       = {Phys. Rev. D},
  keywords      = {Periodic gravitational waves},
  primaryclass  = {gr-qc},
  title         = {How to adapt broad-band gravitational-wave searches for r-modes},
  volume        = {82},
  year          = {2010}
}
@article{Ng:2008,
  archiveprefix = {arXiv},
  author        = {Ng, C.-Y. and Romani, R.W.},
  doi           = {10.1086/523935},
  eprint        = {0710.4168},
  journal       = {Astrophys. J.},
  keywords      = {Pulsars},
  pages         = {411--417},
  title         = {Fitting Pulsar Wind Tori. II. Error Analysis and Applications},
  volume        = {673},
  year          = {2008}
}
@article{Jarosik:2010,
  archiveprefix = {arXiv},
  author        = {Jarosik, N. and Bennett, C.L. and Dunkley, J. and Gold, B. and Greason, M.R. and Halpern, M. and Hill, R.S. and Hinshaw, G. and Kogut, A. and Komatsu, E. and Larson, D. and Limon, M. and Meyer, S.S. and Nolta, M.R. and Odegard, N. and Page, L. and Smith, K.M. and Spergel, D.N. and Tucker, G.S. and Weiland, J.L. and Wollack, E. and Wright, E.L.},
  doi           = {10.1088/0067-0049/192/2/14},
  eprint        = {1001.4744},
  id            = {14},
  journal       = {Astrophys. J. Suppl. Ser.},
  keywords      = {Cosmology, Microwave background anisotropy, WMAP},
  primaryclass  = {astro-ph.CO},
  title         = {Seven-Year Wilkinson Microwave Anisotropy Probe (WMAP) Observations: Sky Maps, Systematic Errors, and Basic Results},
  volume        = {192},
  year          = {2011}
}
@article{Freise:2010,
  author   = {Freise, A. and Strain, K.},
  cited    = {10 December 2010},
  id       = {lrr-2010-1},
  journal  = {Living Rev. Relativity},
  keywords = {FINESSE, Gravitational wave detectors, Gravitational waves, Interferometer simulations, Interferometry, Optics},
  title    = {Interferometer Techniques for Gravitational-Wave Detection},
  url      = {http://www.livingreviews.org/lrr-2010-1},
  volume   = {13},
  year     = {2010}
}
@inproceedings{Agresti:2006,
  address    = {Bellingham, WA},
  author     = {Agresti, J. and Castaldi, G. and DeSalvo, R. and Galdi, V. and Pierro, V. and Pinto, I.M.},
  booktitle  = {Advances in Thin-Film Coatings for Optical Applications III},
  conference = {San Diego, CA, USA, 13 August 2006},
  doi        = {10.1117/12.678977},
  editor     = {Ellison, M.J.},
  id         = {628608},
  keywords   = {Gravitational wave detectors, Mirror coatings},
  publisher  = {SPIE},
  series     = {Proc. SPIE},
  title      = {Optimized multilayer dielectric mirror coatings for gravitational wave interferometers},
  volume     = {6286},
  year       = {2006}
}
@article{Fairhurst:2010,
  archiveprefix = {arXiv},
  author        = {Fairhurst, S.},
  doi           = {10.1088/0264-9381/28/10/105021},
  eprint        = {1010.6192},
  id            = {105021},
  journal       = {Class. Quantum Grav.},
  keywords      = {Gravitational wave detector networks},
  primaryclass  = {gr-qc},
  title         = {Source localization with an advanced gravitational wave detector network},
  volume        = {28},
  year          = {2011}
}
@ARTICLE{Hild:2010,
   author = {{Hild}, S. and {Abernathy}, M. and {Acernese}, F. and {Amaro-Seoane}, P. and 
	{Andersson}, N. and {Arun}, K. and {Barone}, F. and {Barr}, B. and 
	{Barsuglia}, M. and {Beker}, M. and {Beveridge}, N. and {Birindelli}, S. and 
	{Bose}, S. and {Bosi}, L. and {Braccini}, S. and {Bradaschia}, C. and 
	{Bulik}, T. and {Calloni}, E. and {Cella}, G. and {Chassande Mottin}, E. and 
	{Chelkowski}, S. and {Chincarini}, A. and {Clark}, J. and {Coccia}, E. and 
	{Colacino}, C. and {Colas}, J. and {Cumming}, A. and {Cunningham}, L. and 
	{Cuoco}, E. and {Danilishin}, S. and {Danzmann}, K. and {De Salvo}, R. and 
	{Dent}, T. and {De Rosa}, R. and {Di Fiore}, L. and {Di Virgilio}, A. and 
	{Doets}, M. and {Fafone}, V. and {Falferi}, P. and {Flaminio}, R. and 
	{Franc}, J. and {Frasconi}, F. and {Freise}, A. and {Friedrich}, D. and 
	{Fulda}, P. and {Gair}, J. and {Gemme}, G. and {Genin}, E. and 
	{Gennai}, A. and {Giazotto}, A. and {Glampedakis}, K. and {Gr{\"a}f}, C. and 
	{Granata}, M. and {Grote}, H. and {Guidi}, G. and {Gurkovsky}, A. and 
	{Hammond}, G. and {Hannam}, M. and {Harms}, J. and {Heinert}, D. and 
	{Hendry}, M. and {Heng}, I. and {Hennes}, E. and {Hough}, J. and 
	{Husa}, S. and {Huttner}, S. and {Jones}, G. and {Khalili}, F. and 
	{Kokeyama}, K. and {Kokkotas}, K. and {Krishnan}, B. and {Li}, T.~G.~F. and 
	{Lorenzini}, M. and {L{\"u}ck}, H. and {Majorana}, E. and {Mandel}, I. and 
	{Mandic}, V. and {Mantovani}, M. and {Martin}, I. and {Michel}, C. and 
	{Minenkov}, Y. and {Morgado}, N. and {Mosca}, S. and {Mours}, B. and 
	{M{\"u}ller{\ndash}Ebhardt}, H. and {Murray}, P. and {Nawrodt}, R. and 
	{Nelson}, J. and {Oshaughnessy}, R. and {Ott}, C.~D. and {Palomba}, C. and 
	{Paoli}, A. and {Parguez}, G. and {Pasqualetti}, A. and {Passaquieti}, R. and 
	{Passuello}, D. and {Pinard}, L. and {Plastino}, W. and {Poggiani}, R. and 
	{Popolizio}, P. and {Prato}, M. and {Punturo}, M. and {Puppo}, P. and 
	{Rabeling}, D. and {Rapagnani}, P. and {Read}, J. and {Regimbau}, T. and 
	{Rehbein}, H. and {Reid}, S. and {Ricci}, F. and {Richard}, F. and 
	{Rocchi}, A. and {Rowan}, S. and {R{\"u}diger}, A. and {Santamar{\'{\i}}a}, L. and 
	{Sassolas}, B. and {Sathyaprakash}, B. and {Schnabel}, R. and 
	{Schwarz}, C. and {Seidel}, P. and {Sintes}, A. and {Somiya}, K. and 
	{Speirits}, F. and {Strain}, K. and {Strigin}, S. and {Sutton}, P. and 
	{Tarabrin}, S. and {Th{\"u}ring}, A. and {van den Brand}, J. and 
	{van Veggel}, M. and {van den Broeck}, C. and {Vecchio}, A. and 
	{Veitch}, J. and {Vetrano}, F. and {Vicere}, A. and {Vyatchanin}, S. and 
	{Willke}, B. and {Woan}, G. and {Yamamoto}, K.},
    title = "{Sensitivity studies for third-generation gravitational wave observatories}",
  journal = {Classical and Quantum Gravity},
archivePrefix = "arXiv",
   eprint = {1012.0908},
 primaryClass = "gr-qc",
     year = 2011,
    month = may,
   volume = 28,
   number = 9,
      eid = {094013},
    pages = {094013},
      doi = {10.1088/0264-9381/28/9/094013}
}
@article{Arai:2009,
  author        = {Arai, K. and others},
  collaboration = {TAMA Collaboration and CLIO Collaboration and LCGT Collaboration},
  doi           = {10.1088/0264-9381/26/20/204020},
  id            = {204020},
  journal       = {Class. Quantum Grav.},
  keywords      = {CLIO, Gravitational wave detectors, LCGT, TAMA},
  title         = {Status of Japanese gravitational wave detectors},
  volume        = {26},
  year          = {2009}
}
@article{VSR2paper,
  archiveprefix = {arXiv},
  author        = {Accadia, T. and others},
  collaboration = {Virgo Collaboration},
  doi           = {10.1088/0264-9381/28/2/025005},
  eprint        = {1009.5190},
  id            = {025005},
  journal       = {Class. Quantum Grav.},
  keywords      = {Gravitational wave detectors, VIRGO},
  primaryclass  = {gr-qc},
  title         = {Calibration and sensitivity of the Virgo detector during its second science run},
  volume        = {28},
  year          = {2011},
  doi           = {10.1088/0264-9381/28/2/025005}
}
@article{Hild:2010b,
  archiveprefix = {arXiv},
  author        = {Hild, S. and Chelkowski, S. and Freise, A. and Franc, J. and Morgado, N. and Flaminio, R. and DeSalvo, R.},
  doi           = {10.1088/0264-9381/27/1/015003},
  eprint        = {0906.2655},
  id            = {015003},
  journal       = {Class. Quantum Grav.},
  keywords      = {Einstein Telescope, Gravitational wave detectors},
  primaryclass  = {gr-qc},
  title         = {A xylophone configuration for a third-generation gravitational wave detector},
  volume        = {27},
  year          = {2010}
}
@article{Lorimer:2008,
  author   = {Lorimer, D.R.},
  cited    = {4 January 2011},
  id       = {lrr-2008-8},
  journal  = {Living Rev. Relativity},
  keywords = {Pulsars},
  title    = {Binary and Millisecond Pulsars},
  url      = {http://www.livingreviews.org/lrr-2008-8},
  volume   = {11},
  year     = {2008}
}
@unpublished{Fritschel:2003,
  author        = {Fritschel, P.},
  cited         = {16 February 2011},
  conference    = {LSC meeting, Hannover, 21 August 2003},
  format        = {conference paper},
  id            = {LIGO-G030460-0},
  keywords      = {Gravitational wave detectors, Interferometer readout, LIGO},
  onlineversion = {http://www.ligo.caltech.edu/docs/G/G030460-00/G030460-00.pdf},
  title         = {DC Readout for Advanced LIGO},
  year          = {2003}
}
@article{Ward:2008,
  author   = {Ward, R.L. and Adhikari, R. and Abbott, B. and Abbott, R. and Barron, D. and Bork, R. and Fricke, T. and Frolov, V. and Heefner, J. and Ivanov, A. and Miyakawa, O. and McKenzie, K. and Slagmolen, B. and Smith, M. and Taylor, R. and Vass, S. and Waldman, S. and Weinstein, A.},
  doi      = {10.1088/0264-9381/25/11/114030},
  id       = {114030},
  journal  = {Class. Quantum Grav.},
  keywords = {Gravitational wave detectors, Interferometer readout},
  title    = {dc readout experiment at the Caltech 40m prototype interferometer},
  volume   = {25},
  year     = {2008}
}
@unpublished{Schnupp:1988,
  author     = {Schnupp, L.},
  conference = {Presentation at European Collaboration Meeting on Interferometric Detection of Gravitational Waves, (Sorrent, Italy)},
  format     = {conference paper},
  keywords   = {Gravitational wave detectors, Interferometer readout},
  title      = {Internal modulation schemes},
  year       = {1988}
}
@article{Ageev:2004,
  author   = {Ageev, A. and Palmer, B.C. and Felice, A.D. and Penn, S.D. and Saulson, P.R.},
  doi      = {10.1088/0264-9381/21/16/004},
  journal  = {Class. Quantum Grav.},
  keywords = {Interferometer test masses, Mechanical loss, Thermal noise},
  pages    = {3887--3892},
  title    = {Very high quality factor measured in annealed fused silica},
  volume   = {21},
  year     = {2004}
}
@article{Estabrook:1975,
  adsurl   = {http://adsabs.harvard.edu/abs/1975GReGr...6..439E},
  author   = {Estabrook, F.B. and Wahlquist, H.D.},
  doi      = {10.1007/BF00762449},
  journal  = {Gen. Relativ. Gravit.},
  keywords = {Doppler tracking, Gravitational waves},
  pages    = {439--447},
  title    = {Response of Doppler spacecraft tracking to gravitational radiation},
  volume   = {6},
  year     = {1975}
}
@article{Armstrong:2006,
  author   = {Armstrong, J.W.},
  cited    = {14 February 2011},
  id       = {lrr-2006-1},
  journal  = {Living Rev. Relativity},
  keywords = {Cassini, Doppler stability, Doppler tracking, Frequency stability, Gravitational wave detectors, Radio},
  title    = {Low-Frequency Gravitational Wave Searches Using Spacecraft Doppler Tracking},
  url      = {http://www.livingreviews.org/lrr-2006-1},
  volume   = {9},
  year     = {2006}
}
@article{Yagi:2011,
  author   = {Yagi, K. and Seto, N.},
  doi      = {10.1103/PhysRevD.83.044011},
  id       = {044011},
  journal  = {Phys. Rev. D},
  keywords = {Gravitational waves, Space missions},
  title    = {Detector configuration of DECIGO/BBO and identification of cosmological neutron-star binaries},
  volume   = {83},
  year     = {2011}
}
@article{Yardley:2010,
  author   = {Yardley, D.R.B. and Hobbs, G.B. and Jenet, F.A. and Verbiest, J.P.W. and Wen, Z.L. and Manchester, R.N. and Coles, W.A. and van Straten, W. and Bailes, M. and Bhat, N.D.R. and Burke-Spolaor, S. and Champion, D.J. and Hotan, A.W. and Sarkissian, J.M.},
  doi      = {10.1111/j.1365-2966.2010.16949.x},
  journal  = {Mon. Not. R. Astron. Soc.},
  keywords = {Gravitational waves, Pulsars},
  pages    = {669--680},
  title    = {The sensitivity of the Parkes Pulsar Timing Array to individual sources of gravitational waves},
  volume   = {407},
  year     = {2010}
}
@article{Mauceli:1996,
  author   = {Mauceli, E. and Geng, Z.K. and Hamilton, W.O. and Johnson, W.W. and Merkowitz, S.M. and Morse, A. and Price, B. and Solomonson, N.},
  doi      = {10.1103/PhysRevD.54.1264},
  journal  = {Phys. Rev. D},
  keywords = {Gravitational wave detectors},
  pages    = {1264--1275},
  title    = {The Allegro gravitational wave detector: Data acquisition and analysis},
  volume   = {54},
  year     = {1996}
}
@book{SKA,
  address       = {Amsterdam},
  cited         = {15 June 2011},
  editor        = {Carilli, C. and Rawlings, S.},
  keywords      = {Radio astronomy},
  onlineversion = {http://www.skads-eu.org/p/SKA_SciBook.php},
  publisher     = {Elsevier},
  series        = {New Astron. Rev.},
  title         = {Science with the Square Kilometre Array},
  volume        = {48},
  year          = {2004}
}
@article{Kuroda:2010,
  author        = {Kuroda, K.},
  collaboration = {LCGT Collaboration},
  doi           = {10.1088/0264-9381/27/8/084004},
  id            = {084004},
  journal       = {Class. Quantum Grav.},
  keywords      = {Gravitational wave detectors},
  title         = {Status of LCGT},
  volume        = {27},
  year          = {2010}
}
@article{Kawamura:2011,
  author        = {Kawamura, S. and others},
  collaboration = {DECIGO Collaboration},
  doi           = {10.1088/0264-9381/28/9/094011},
  id            = {094011},
  journal       = {Class. Quantum Grav.},
  keywords      = {Gravitational wave detectors},
  title         = {The Japanese space gravitational wave antenna: DECIGO},
  volume        = {28},
  year          = {2011}
}
@article{2015CQGra..32a5014M,
   author = {{Moore}, C.~J. and {Cole}, R.~H. and {Berry}, C.~P.~L.},
    title = "{Gravitational-wave sensitivity curves}",
  journal = {Class. Quantum Grav.},
archivePrefix = "arXiv",
   eprint = {1408.0740},
 primaryClass = "gr-qc",
     year = 2015,
    month = jan,
   volume = 32,
   number = 1,
      eid = {015014},
    pages = {015014},
      doi = {10.1088/0264-9381/32/1/015014},
   adsurl = {http://adsabs.harvard.edu/abs/2015CQGra..32a5014M},
  adsnote = {Provided by the SAO/NASA Astrophysics Data System}
}
@online{GWplotter,
  cited     = {17 October 2016},
  authors   = {{Moore}, C.~J. and {Cole}, R.~H. and {Berry}, C.~P.~L.},
  format    = {project homepage},
  keywords  = {Gravitational wave detectors, Sensitivity curves},
  publisher = {Gravitational Wave group, Institute of Astronomy, University of Cambridge},
  title     = {GWplotter},
  url       = {http://rhcole.com/apps/GWplotter/}
}
@online{LOSC,
  cited = {18 October 2016},
  format = {project homepage},
  title = {LIGO Open Science Center},
  url = {https://losc.ligo.org/},
  publisher = {California Institute of Technology \& Massachusetts Institute of Technology}
}
@article{LOSCS5,
  author = {{LIGO Scientific Collaboration}},
  year = 2104,
  title = {LIGO Open Science Center: The S5 Data Release},
  url = {https://losc.ligo.org/S5/},
  doi = {10.7935/K5WD3XHR}
}
@article{LOSCS6,
  author = {{LIGO Scientific Collaboration}},
  year = 2015,
  title = {LIGO Open Science Center: The S6 Data Release},
  url = {https://losc.ligo.org/S6/},
  doi = {10.7935/K5RN35SD}
}
@ARTICLE{2015JPhCS.610a2021V,
   author = {{Vallisneri}, M. and {Kanner}, J. and {Williams}, R. and {Weinstein}, A. and 
	{Stephens}, B.},
    title = "{The LIGO Open Science Center}",
  journal = {J. Phys.: Conf. Ser.},
archivePrefix = "arXiv",
   eprint = {1410.4839},
 primaryClass = "gr-qc",
     year = 2015,
    month = may,
   volume = 610,
   number = 1,
      eid = {012021},
    pages = {012021},
      doi = {10.1088/1742-6596/610/1/012021}
}
@article{lrr-2016-1,
  title    = {Prospects for Observing and Localizing Gravitational-Wave Transients with Advanced LIGO and 
Advanced Virgo},
  author   = {{Abbott}, B.~P. and others},
  journal  = {Living Rev. Relativity},
  year     = {2016},
  number   = {1},
  volume   = {19},
  keywords = {Gravitational-wave detectors, Gravitational waves, Data analysis, Electromagnetic counterparts},
  doi      = {10.1007/lrr-2016-1},
  url      = {http://www.livingreviews.org/lrr-2016-1}
}
@ARTICLE{2016arXiv160604856T,
   author = {{Abbott}, B.~P. and others},
    title = "{Binary Black Hole Mergers in the first Advanced LIGO Observing Run}",
  journal = {Phys. Rev. X},
archivePrefix = "arXiv",
   eprint = {1606.04856},
 primaryClass = "gr-qc",
 keywords = {General Relativity and Quantum Cosmology, Astrophysics - Cosmology and Nongalactic Astrophysics},
     year = {2016},
   volume = 6,
   pages = {041015}, 
   adsurl = {http://adsabs.harvard.edu/abs/2016arXiv160604856T},
  adsnote = {Provided by the SAO/NASA Astrophysics Data System}
}
@ARTICLE{2016arXiv160203842T,
   author = {{Abbott}, B.~P. and others},
    title = "{The Rate of Binary Black Hole Mergers Inferred from Advanced LIGO Observations Surrounding 
GW150914}",
  journal = {ArXiv e-prints},
archivePrefix = "arXiv",
   eprint = {1602.03842},
 primaryClass = "astro-ph.HE",
 keywords = {Astrophysics - High Energy Astrophysical Phenomena, General Relativity and Quantum Cosmology},
     year = 2016,
    month = feb,
   adsurl = {http://adsabs.harvard.edu/abs/2016arXiv160203842T},
  adsnote = {Provided by the SAO/NASA Astrophysics Data System}
}
@ARTICLE{2016ApJ...819..108B,
   author = {{Belczynski}, K. and {Repetto}, S. and {Holz}, D.~E. and {O'Shaughnessy}, R. and 
	{Bulik}, T. and {Berti}, E. and {Fryer}, C. and {Dominik}, M.
	},
    title = "{Compact Binary Merger Rates: Comparison with LIGO/Virgo Upper Limits}",
  journal = {Astrophys. J.},
archivePrefix = "arXiv",
   eprint = {1510.04615},
 primaryClass = "astro-ph.HE",
 keywords = {binaries: close, gravitation, stars: evolution, stars: neutron},
     year = 2016,
    month = mar,
   volume = 819,
      eid = {108},
    pages = {108},
      doi = {10.3847/0004-637X/819/2/108}
}
@ARTICLE{2015MNRAS.448..928K,
   author = {{Kim}, C. and {Perera}, B.~B.~P. and {McLaughlin}, M.~A.},
    title = "{Implications of PSR J0737-3039B for the Galactic NS-NS binary merger rate}",
  journal = {Mon. Not. R. Astron. Soc.},
archivePrefix = "arXiv",
   eprint = {1308.4676},
 primaryClass = "astro-ph.SR",
 keywords = {gravitational waves, methods: statistical, binaries: close, pulsars: individual},
     year = 2015,
    month = mar,
   volume = 448,
    pages = {928-938},
      doi = {10.1093/mnras/stu2729}
}
@ARTICLE{2012PhRvD..85h2002A,
   author = {{Abadie}, J. and others},
    title = "{Search for gravitational waves from low mass compact binary coalescence in LIGO's sixth science 
run and Virgo's science runs 2 and 3}",
  journal = {Phys. Rev. D},
archivePrefix = "arXiv",
   eprint = {1111.7314},
 primaryClass = "gr-qc",
 keywords = {Wave generation and sources, Experimental tests of gravitational theories},
     year = 2012,
    month = apr,
   volume = 85,
   number = 8,
      eid = {082002},
    pages = {082002},
      doi = {10.1103/PhysRevD.85.082002}
}
@ARTICLE{2016arXiv160100130C,
   author = {{Capano}, C. and {Dent}, T. and {Hanna}, C. and {Hendry}, M. and 
	{Hu}, Y.-M. and {Messenger}, C. and {Veitch}, J.},
    title = "{Systematic errors in estimation of gravitational-wave candidate significance}",
  journal = {ArXiv e-prints},
archivePrefix = "arXiv",
   eprint = {1601.00130},
 primaryClass = "astro-ph.IM",
 keywords = {Astrophysics - Instrumentation and Methods for Astrophysics, Astrophysics - High Energy 
Astrophysical Phenomena},
     year = 2016,
    month = jan,
   adsurl = {http://adsabs.harvard.edu/abs/2016arXiv160100130C},
  adsnote = {Provided by the SAO/NASA Astrophysics Data System}
}
@ARTICLE{2015CQGra..32k5012A,
   author = {{Aasi}, J. and others},
    title = "{Characterization of the LIGO detectors during their sixth science run}",
  journal = {Class. Quantum Grav.},
archivePrefix = "arXiv",
   eprint = {1410.7764},
 primaryClass = "gr-qc",
     year = 2015,
    month = jun,
   volume = 32,
   number = 11,
      eid = {115012},
    pages = {115012},
      doi = {10.1088/0264-9381/32/11/115012}
}
@ARTICLE{2011NatPh...7..962L,
   author = {{LIGO Scientific Collaboration}},
    title = "{A gravitational wave observatory operating beyond the quantum shot-noise limit}",
  journal = {Nature Physics},
     year = 2011,
    month = dec,
   volume = 7,
    pages = {962-965},
      doi = {10.1038/nphys2083}
}
@ARTICLE{2013PhRvL.110r1101G,
   author = {{Grote}, H. and {Danzmann}, K. and {Dooley}, K.~L. and {Schnabel}, R. and 
	{Slutsky}, J. and {Vahlbruch}, H.},
    title = "{First Long-Term Application of Squeezed States of Light in a Gravitational-Wave Observatory}",
  journal = {Phys. Rev. Lett.},
archivePrefix = "arXiv",
   eprint = {1302.2188},
 primaryClass = "physics.ins-det",
 keywords = {Gravitational wave detectors and experiments, Quantum fluctuations quantum noise and quantum 
jumps, Gravitational radiation detectors, mass spectrometers, and other instrumentation and techniques, 
Interferometry},
     year = 2013,
    month = may,
   volume = 110,
   number = 18,
      eid = {181101},
    pages = {181101},
      doi = {10.1103/PhysRevLett.110.181101}
}
@ARTICLE{2010NIMPA.624..223A,
   author = {{Abadie}, J. and others},
    title = "{Calibration of the LIGO gravitational wave detectors in the fifth science run}",
  journal = {Nucl. Instr. Meth. Phys. Res. A},
archivePrefix = "arXiv",
   eprint = {1007.3973},
 primaryClass = "gr-qc",
     year = 2010,
    month = dec,
   volume = 624,
    pages = {223-240},
      doi = {10.1016/j.nima.2010.07.089}
}
@ARTICLE{2012CQGra..29o5002A,
   author = {{Aasi}, J. and others},
    title = "{The characterization of Virgo data and its impact on gravitational-wave searches}",
  journal = {Class. Quantum Grav.},
archivePrefix = "arXiv",
   eprint = {1203.5613},
 primaryClass = "gr-qc",
     year = 2012,
    month = aug,
   volume = 29,
   number = 15,
      eid = {155002},
    pages = {155002},
      doi = {10.1088/0264-9381/29/15/155002}
}
@ARTICLE{2014GReGr..46.1763B,
   author = {{Bizouard}, M.~A.},
    title = "{Observational results from the LIGO and Virgo detectors}",
  journal = {Gen. Rel. Gravit.},
 keywords = {Gravitational waves, Neutron stars, Black holes, LIGO, GEO, Virgo},
     year = 2014,
    month = oct,
   volume = 46,
      eid = {1763},
    pages = {1763},
      doi = {10.1007/s10714-014-1763-6},
   adsurl = {http://adsabs.harvard.edu/abs/2014GReGr..46.1763B},
  adsnote = {Provided by the SAO/NASA Astrophysics Data System}
}
@ARTICLE{2014CQGra..31p5013A,
   author = {{Accadia}, T. and others},
    title = "{Reconstruction of the gravitational wave signal h(t) during the Virgo science runs and 
independent validation with a photon calibrator}",
  journal = {Class. Quantum Grav.},
archivePrefix = "arXiv",
   eprint = {1401.6066},
 primaryClass = "gr-qc",
     year = 2014,
    month = aug,
   volume = 31,
   number = 16,
      eid = {165013},
    pages = {165013},
      doi = {10.1088/0264-9381/31/16/165013}
}
@ARTICLE{2012JInst...7.3012A,
   author = {{Accadia}, T. and others},
    title = "{Virgo: a laser interferometer to detect gravitational waves}",
  journal = {J. Instrum.},
     year = 2012,
    month = mar,
   volume = 7,
    pages = {3012},
      doi = {10.1088/1748-0221/7/03/P03012}
}
@ARTICLE{2011CQGra..28k4002A,
   author = {{Accadia}, T. and others},
    title = "{Status of the Virgo project}",
  journal = {Classical and Quantum Gravity},
     year = 2011,
    month = jun,
   volume = 28,
   number = 11,
      eid = {114002},
    pages = {114002},
      doi = {10.1088/0264-9381/28/11/114002}
}
@ARTICLE{2016PhRvL.116x1102A,
   author = {{Abbott}, B.~P. and others},
    title = "{Properties of the Binary Black Hole Merger GW150914}",
  journal = {Phys. Rev. Lett.},
archivePrefix = "arXiv",
   eprint = {1602.03840},
 primaryClass = "gr-qc",
     year = 2016,
    month = jun,
   volume = 116,
   number = 24,
      eid = {241102},
    pages = {241102},
      doi = {10.1103/PhysRevLett.116.241102}
}
@ARTICLE{2016CQGra..33g5009D,
   author = {{Dooley}, K.~L. and {Leong}, J.~R. and {Adams}, T. and {Affeldt}, C. and 
	{Bisht}, A. and {Bogan}, C. and {Degallaix}, J. and {Gr{\"a}f}, C. and 
	{Hild}, S. and {Hough}, J. and {Khalaidovski}, A. and {Lastzka}, N. and 
	{Lough}, J. and {L{\"u}ck}, H. and {Macleod}, D. and {Nuttall}, L. and 
	{Prijatelj}, M. and {Schnabel}, R. and {Schreiber}, E. and {Slutsky}, J. and 
	{Sorazu}, B. and {Strain}, K.~A. and {Vahlbruch}, H. and {W{\c a}s}, M. and 
	{Willke}, B. and {Wittel}, H. and {Danzmann}, K. and {Grote}, H.
	},
    title = "{GEO 600 and the GEO-HF upgrade program: successes and challenges}",
  journal = {Class. Quantum Grav.},
archivePrefix = "arXiv",
   eprint = {1510.00317},
 primaryClass = "physics.ins-det",
     year = 2016,
    month = apr,
   volume = 33,
   number = 7,
      eid = {075009},
    pages = {075009},
      doi = {10.1088/0264-9381/33/7/075009},
   adsurl = {http://adsabs.harvard.edu/abs/2016CQGra..33g5009D},
  adsnote = {Provided by the SAO/NASA Astrophysics Data System}
}
@ARTICLE{2012PhRvD..85j2004A,
   author = {{Abadie}, J. and others},
    title = "{Search for gravitational waves from intermediate mass binary black holes}",
  journal = {Phys. Rev. D},
archivePrefix = "arXiv",
   eprint = {1201.5999},
 primaryClass = "gr-qc",
 keywords = {Gravitational radiation magnetic fields and other observations, Gravitational wave detectors and 
experiments},
     year = 2012,
    month = may,
   volume = 85,
   number = 10,
      eid = {102004},
    pages = {102004},
      doi = {10.1103/PhysRevD.85.102004}
}
@ARTICLE{2012PhRvD..85l2007A,
   author = {{Abadie}, J. and others},
    title = "{All-sky search for gravitational-wave bursts in the second joint LIGO-Virgo run}",
  journal = {Phys. Rev. D},
archivePrefix = "arXiv",
   eprint = {1202.2788},
 primaryClass = "gr-qc",
 keywords = {Gravitational radiation magnetic fields and other observations, Gravitational wave detectors and 
experiments, Data analysis: algorithms and implementation, data management, Relativity and gravitation},
     year = 2012,
    month = jun,
   volume = 85,
   number = 12,
      eid = {122007},
    pages = {122007},
      doi = {10.1103/PhysRevD.85.122007}
}
@ARTICLE{2016PhRvD..93d2005A,
   author = {{Abbott}, B.~P. and others},
    title = "{All-sky search for long-duration gravitational wave transients with initial LIGO}",
  journal = {Phys. Rev. D},
archivePrefix = "arXiv",
   eprint = {1511.04398},
 primaryClass = "gr-qc",
     year = 2016,
    month = feb,
   volume = 93,
   number = 4,
      eid = {042005},
    pages = {042005},
      doi = {10.1103/PhysRevD.93.042005}
}
@article{lrr-2014-2,
  title    = {Gravitational Radiation from Post-Newtonian Sources and Inspiralling Compact Binaries},
  author   = {Blanchet, L.},
  journal  = {Living Rev. Relativity},
  year     = {2014},
  number   = {2},
  volume   = {17},
  keywords = {Post-Newtonian approximations, Gravitational radiation, Multipolar expansion, Inspiralling 
compact binary},
  doi      = {10.1007/lrr-2014-2},
  url      = {http://www.livingreviews.org/lrr-2014-2}
}
@article{lrr-2007-2,
  title    = {The Post-Newtonian Approximation for Relativistic Compact Binaries},
  author   = {{Futamase}, T. and {Itoh}, Y.},
  journal  = {Living Rev. Relativity},
  year     = {2007},
  number   = {2},
  volume   = {10},
  keywords = {post-Newtonian approximations, post-Newtonian expansion, equations of motion, relativistic 
binary systems, binary dynamics},
  doi      = {10.1007/lrr-2007-2},
  url      = {http://www.livingreviews.org/lrr-2007-2}
}
@article{lrr-2015-1,
  title    = {Exploring New Physics Frontiers Through Numerical Relativity},
  author   = {{Cardoso}, V. and {Gualtieri}, L. and {Herdeiro}, C.~A.~R. and {Sperhake}, U.},
  journal  = {Living Rev. Relativity},
  year     = {2015},
  number   = {1},
  volume   = {18},
  keywords = {Trans-Planckian scattering, Black holes, Alternative theories of gravity, Gravitation, Numerical 
methods, Extra dimensions, Extensions of the standard model},
  doi      = {10.1007/lrr-2015-1},
  url      = {http://www.livingreviews.org/lrr-2015-1}
}
@ARTICLE{2014CQGra..31k5004A,
   author = {{Aasi}, J. and {Abbott}, B.~P. and {Abbott}, R. and {Abbott}, T. and 
	{Abernathy}, M.~R. and {Accadia}, T. and {Acernese}, F. and 
	{Ackley}, K. and {Adams}, C. and {Adams}, T. and et al.},
    title = "{The NINJA-2 project: detecting and characterizing gravitational waveforms modelled using 
numerical binary black hole simulations}",
  journal = {Class. Quantum Grav.},
archivePrefix = "arXiv",
   eprint = {1401.0939},
 primaryClass = "gr-qc",
     year = 2014,
    month = jun,
   volume = 31,
   number = 11,
      eid = {115004},
    pages = {115004},
      doi = {10.1088/0264-9381/31/11/115004}
}
@ARTICLE{2009PhRvD..79l4033R,
   author = {{Read}, J.~S. and {Markakis}, C. and {Shibata}, M. and {Ury{\= u}}, K. and 
	{Creighton}, J.~D.~E. and {Friedman}, J.~L.},
    title = "{Measuring the neutron star equation of state with gravitational wave observations}",
  journal = {Phys. Rev. D},
archivePrefix = "arXiv",
   eprint = {0901.3258},
 primaryClass = "gr-qc",
 keywords = {Numerical studies of other relativistic binaries, Post-Newtonian approximation, perturbation 
theory, related approximations, Gravitational-wave astrophysics, Equations of state of neutron-star matter},
     year = 2009,
    month = jun,
   volume = 79,
   number = 12,
      eid = {124033},
    pages = {124033},
      doi = {10.1103/PhysRevD.79.124033}
}
@ARTICLE{2010PhRvD..81f4026F,
   author = {{Ferrari}, V. and {Gualtieri}, L. and {Pannarale}, F.},
    title = "{Neutron star tidal disruption in mixed binaries: The imprint of the equation of state}",
  journal = {Phys. Rev. D},
archivePrefix = "arXiv",
   eprint = {0912.3692},
 primaryClass = "gr-qc",
 keywords = {Gravitational waves: theory, Numerical studies of other relativistic binaries, Equations of state 
of neutron-star matter},
     year = 2010,
    month = mar,
   volume = 81,
   number = 6,
      eid = {064026},
    pages = {064026},
      doi = {10.1103/PhysRevD.81.064026}
}
@ARTICLE{2012PhRvD..85l2006A,
   author = {{Allen}, B. and {Anderson}, W.~G. and {Brady}, P.~R. and {Brown}, D.~A. and 
	{Creighton}, J.~D.~E.},
    title = "{FINDCHIRP: An algorithm for detection of gravitational waves from inspiraling compact 
binaries}",
  journal = {Phys. Rev. D},
   eprint = {gr-qc/0509116},
 keywords = {Measurement and error theory, Gravitational wave detectors and experiments},
     year = 2012,
    month = jun,
   volume = 85,
   number = 12,
      eid = {122006},
    pages = {122006},
      doi = {10.1103/PhysRevD.85.122006}
}
@ARTICLE{2012PhRvD..85h2002A,
   author = {{Abadie}, J. and others},
    title = "{Search for gravitational waves from low mass compact binary coalescence in LIGO's sixth science 
run and Virgo's science runs 2 and 3}",
  journal = {Phys. Rev. D},
archivePrefix = "arXiv",
   eprint = {1111.7314},
 primaryClass = "gr-qc",
 keywords = {Wave generation and sources, Experimental tests of gravitational theories},
     year = 2012,
    month = apr,
   volume = 85,
   number = 8,
      eid = {082002},
    pages = {082002},
      doi = {10.1103/PhysRevD.85.082002}
}
@ARTICLE{2013PhRvD..87b2002A,
   author = {{Aasi}, J. and others},
    title = "{Search for gravitational waves from binary black hole inspiral, merger, and ringdown in 
LIGO-Virgo data from 2009-2010}",
  journal = {Phys. Rev. D},
archivePrefix = "arXiv",
   eprint = {1209.6533},
 primaryClass = "gr-qc",
 keywords = {Gravitational waves: theory, Gravitational-wave astrophysics, Gravitational radiation magnetic 
fields and other observations, Black holes},
     year = 2013,
    month = jan,
   volume = 87,
   number = 2,
      eid = {022002},
    pages = {022002},
      doi = {10.1103/PhysRevD.87.022002}
}
@ARTICLE{2014PhRvD..89j2006A,
   author = {{Aasi}, J. and others},
    title = "{Search for gravitational wave ringdowns from perturbed intermediate mass black holes in 
LIGO-Virgo data from 2005-2010}",
  journal = {Phys. Rev. D},
archivePrefix = "arXiv",
   eprint = {1403.5306},
 primaryClass = "gr-qc",
 keywords = {Gravitational radiation magnetic fields and other observations, Physics of black holes, 
Gravitational wave detectors and experiments, Data analysis: algorithms and implementation, data management},
     year = 2014,
    month = may,
   volume = 89,
   number = 10,
      eid = {102006},
    pages = {102006},
      doi = {10.1103/PhysRevD.89.102006}
}
@ARTICLE{2014PhRvL.112m1101A,
   author = {{Aasi}, J. and others},
    title = "{Constraints on Cosmic Strings from the LIGO-Virgo Gravitational-Wave Detectors}",
  journal = {Phys. Rev. Lett.},
archivePrefix = "arXiv",
   eprint = {1310.2384},
 primaryClass = "gr-qc",
 keywords = {Gravitational wave detectors and experiments, String and brane phenomenology, Extended classical 
solutions, cosmic strings domain walls texture, Particle-theory and field-theory models of the early 
Universe},
     year = 2014,
    month = apr,
   volume = 112,
   number = 13,
      eid = {131101},
    pages = {131101},
      doi = {10.1103/PhysRevLett.112.131101}
}
@ARTICLE{2014ARA&A..52...43B,
   author = {{Berger}, E.},
    title = "{Short-Duration Gamma-Ray Bursts}",
  journal = {Annu. Rev. Astron. Astrophys.},
archivePrefix = "arXiv",
   eprint = {1311.2603},
 primaryClass = "astro-ph.HE",
     year = 2014,
    month = aug,
   volume = 52,
    pages = {43-105},
      doi = {10.1146/annurev-astro-081913-035926}
}
@ARTICLE{2013CQGra..30s3002A,
   author = {{Andersson}, N. and {Baker}, J. and {Belczynski}, K. and {Bernuzzi}, S. and 
	{Berti}, E. and {Cadonati}, L. and {Cerd{\'a}-Dur{\'a}n}, P. and 
	{Clark}, J. and {Favata}, M. and {Finn}, L.~S. and {Fryer}, C. and 
	{Giacomazzo}, B. and {Gonz{\'a}lez}, J.~A. and {Hendry}, M. and 
	{Heng}, I.~S. and {Hild}, S. and {Johnson-McDaniel}, N. and 
	{Kalmus}, P. and {Klimenko}, S. and {Kobayashi}, S. and {Kokkotas}, K. and 
	{Laguna}, P. and {Lehner}, L. and {Levin}, J. and {Liebling}, S. and 
	{MacFadyen}, A. and {Mandel}, I. and {Marka}, S. and {Marka}, Z. and 
	{Neilsen}, D. and {O'Brien}, P. and {Perna}, R. and {Read}, J. and 
	{Reisswig}, C. and {Rodriguez}, C. and {Ruffert}, M. and {Schnetter}, E. and 
	{Searle}, A. and {Shawhan}, P. and {Shoemaker}, D. and {Soderberg}, A. and 
	{Sperhake}, U. and {Sutton}, P. and {Tanvir}, N. and {Was}, M. and 
	{Whitcomb}, S.},
    title = "{The transient gravitational-wave sky}",
  journal = {Class. Quantum Grav.},
archivePrefix = "arXiv",
   eprint = {1305.0816},
 primaryClass = "gr-qc",
     year = 2013,
    month = oct,
   volume = 30,
   number = 19,
      eid = {193002},
    pages = {193002},
      doi = {10.1088/0264-9381/30/19/193002}
}
@ARTICLE{2011CQGra..28k4013M,
   author = {{M{\'a}rka}, S. and {LIGO Scientific Collaboration} and {Virgo Collaboration}
	},
    title = "{Transient multimessenger astronomy with gravitational waves}",
  journal = {Class. Quantum Grav.},
     year = 2011,
    month = jun,
   volume = 28,
   number = 11,
      eid = {114013},
    pages = {114013},
      doi = {10.1088/0264-9381/28/11/114013}
}
@article{Mereghetti2008,
doi = {10.1007/s00159-008-0011-z},
issn = {1432-0754},
journal = {Astron. Astrophys. Rev.},
number = {4},
pages = {225--287},
title = {{The strongest cosmic magnets: soft gamma-ray repeaters and anomalous X-ray pulsars}},
url = {http://dx.doi.org/10.1007/s00159-008-0011-z},
volume = {15},
year = {2008}
}
@ARTICLE{1998MNRAS.299.1059A,
   author = {{Andersson}, N. and {Kokkotas}, K.~D.},
    title = "{Towards gravitational wave asteroseismology}",
  journal = {Mon. Not. R. Astron. Soc.},
   eprint = {gr-qc/9711088},
 keywords = {RADIATION MECHANISMS: NON-THERMAL, STARS: NEUTRON},
     year = 1998,
    month = oct,
   volume = 299,
    pages = {1059-1068},
      doi = {10.1046/j.1365-8711.1998.01840.x},
   adsurl = {http://adsabs.harvard.edu/abs/1998MNRAS.299.1059A},
  adsnote = {Provided by the SAO/NASA Astrophysics Data System}
}
@ARTICLE{2013NaPho...7..613A,
   author = {{Aasi}, J. and others},
    title = "{Enhanced sensitivity of the LIGO gravitational wave detector by using squeezed states of 
light}",
  journal = {Nature Photonics},
archivePrefix = "arXiv",
   eprint = {1310.0383},
 primaryClass = "quant-ph",
     year = 2013,
    month = aug,
   volume = 7,
    pages = {613-619},
      doi = {10.1038/nphoton.2013.177},
   adsurl = {http://adsabs.harvard.edu/abs/2013NaPho...7..613A},
  adsnote = {Provided by the SAO/NASA Astrophysics Data System}
}
@ARTICLE{2012ApJ...755....2A,
   author = {{Abadie}, J. and others},
    title = "{Implications for the Origin of GRB 051103 from LIGO Observations}",
  journal = {Astrophys. J.},
archivePrefix = "arXiv",
   eprint = {1201.4413},
 primaryClass = "astro-ph.HE",
 keywords = {gamma-ray burst: individual: GRB 051103, gravitational waves, stars: magnetars},
     year = 2012,
    month = aug,
   volume = 755,
      eid = {2},
    pages = {2},
      doi = {10.1088/0004-637X/755/1/2}
}
@techreport{2005GCN..4197....1G,
   author = {{Golenetskii}, S. and {Aptekar}, R. and {Mazets}, E. and {Pal'Shin}, V. and 
	{Frederiks}, D. and {Cline}, T. and {Barthelmy}, S. and {Cummings}, J. and 
	{Gehrels}, N. and {Hurley}, K. and {Cline}, T. and {Mitrofanov}, I. and 
	{Kozyrev}, A. and {Litvak}, M. and {Sanin}, A. and {Tret'yakov}, V. and 
	{Parshukov}, A. and {Boynton}, W. and {Fellows}, C. and {Harshman}, K. and 
	{Shinohara}, C. and {Starr}, R. and {Smith}, D.~M. and {Lin}, R.~P. and 
	{McTiernan}, J. and {Schwartz}, R. and {Wigger}, C. and {Hajdas}, W. and 
	{Zehnder}, A. and {Atteia}, J.-L. and {Graziani}, C. and {Vanderspek}, R.
	},
    cited = {14 November 2016},
    keywords  = {Gamma-ray bursts},
  publisher = {GSFC/NASA},
    title = {IPN triangulation and konus spectrum of the bright short/hard GRB051103.},
     year = 2005,
   volume = 4197,
      url = {http://gcn.gsfc.nasa.gov/gcn/gcn3/4197.gcn3},
series    = {GCN Circular},
}
@ARTICLE{2010NJPh...12e3034S,
   author = {{Sutton}, P.~J. and {Jones}, G. and {Chatterji}, S. and {Kalmus}, P. and 
	{Leonor}, I. and {Poprocki}, S. and {Rollins}, J. and {Searle}, A. and 
	{Stein}, L. and {Tinto}, M. and {Was}, M.},
    title = "{X-Pipeline: an analysis package for autonomous gravitational-wave burst searches}",
  journal = {New J. Phys.},
archivePrefix = "arXiv",
   eprint = {0908.3665},
 primaryClass = "gr-qc",
     year = 2010,
    month = may,
   volume = 12,
   number = 5,
      eid = {053034},
    pages = {053034},
      doi = {10.1088/1367-2630/12/5/053034}
}
@ARTICLE{2007CQGra..24S.659K,
   author = {{Kalmus}, P. and {Khan}, R. and {Matone}, L. and {M{\'a}rka}, S.
	},
    title = "{Search method for unmodeled transient gravitational waves associated with SGR flares}",
  journal = {Class. Quantum Grav.},
     year = 2007,
    month = oct,
   volume = 24,
    pages = {S659-S669},
      doi = {10.1088/0264-9381/24/19/S28}
}
@ARTICLE{2012A&A...541A.155A,
   author = {{Abadie}, J. and others},
    title = "{First low-latency LIGO+Virgo search for binary inspirals and their electromagnetic 
counterparts}",
  journal = {Astron. Astrophys.},
archivePrefix = "arXiv",
   eprint = {1112.6005},
 keywords = {gravitational waves},
     year = 2012,
    month = may,
   volume = 541,
      eid = {A155},
    pages = {A155},
      doi = {10.1051/0004-6361/201218860}
}
@ARTICLE{2012ApJS..203...28E,
   author = {{Evans}, P.~A. and others},
    title = "{Swift Follow-up Observations of Candidate Gravitational-wave Transient Events}",
  journal = {Astrophys. J. Suppl. Ser.},
archivePrefix = "arXiv",
   eprint = {1205.1124},
 primaryClass = "astro-ph.HE",
 keywords = {gravitational waves, ultraviolet: general, X-rays: general },
     year = 2012,
    month = dec,
   volume = 203,
      eid = {28},
    pages = {28},
      doi = {10.1088/0067-0049/203/2/28}
}
@ARTICLE{2012A&A...539A.124L,
   author = {{Abadie}, J. and others},
    title = "{Implementation and testing of the first prompt search for gravitational wave transients with 
electromagnetic counterparts}",
  journal = {Astron. Astrophys.},
archivePrefix = "arXiv",
   eprint = {1109.3498},
 primaryClass = "astro-ph.IM",
 keywords = {gravitational waves, methods: observational},
     year = 2012,
    month = apr,
   volume = 539,
      eid = {A124},
    pages = {A124},
      doi = {10.1051/0004-6361/201118219}
}
@ARTICLE{2013JCAP...06..008A,
   author = {{Adri{\'a}n-Mart{\'{\i}}nez}, S. and {Samarai}, I.~A. and {Albert}, A. and 
	{Andr{\'e}}, M. and {Anghinolfi}, M. and {Anton}, G. and {Anvar}, S. and 
	{Ardid}, M. and {Astraatmadja}, T. and {Aubert}, J.-J. and et al.},
    title = "{A first search for coincident gravitational waves and high energy neutrinos using LIGO, Virgo 
and ANTARES data from 2007}",
  journal = {J. Cosmol. Astropart. Phys.},
archivePrefix = "arXiv",
   eprint = {1205.3018},
 primaryClass = "astro-ph.HE",
     year = 2013,
    month = jun,
   volume = 6,
      eid = {008},
    pages = {008},
      doi = {10.1088/1475-7516/2013/06/008}
}
@ARTICLE{2011NIMPA.656...11A,
   author = {{Ageron}, M. and others},
    title = "{ANTARES: The first undersea neutrino telescope}",
  journal = {Nucl. Instr. Meth. Phys. Res. A},
archivePrefix = "arXiv",
   eprint = {1104.1607},
 primaryClass = "astro-ph.IM",
     year = 2011,
    month = nov,
   volume = 656,
    pages = {11-38},
      doi = {10.1016/j.nima.2011.06.103}
}
@ARTICLE{2014PhRvD..90j2002A,
   author = {{Aartsen}, M.~G. and others},
    title = "{Multimessenger search for sources of gravitational waves and high-energy neutrinos: Initial 
results for LIGO-Virgo and IceCube}",
  journal = {Phys. Rev. D},
archivePrefix = "arXiv",
   eprint = {1407.1042},
 primaryClass = "astro-ph.HE",
 keywords = {Gravitational radiation magnetic fields and other observations, Neutrino muon pion and other 
elementary particles, cosmic rays, gamma-ray sources, gamma-ray bursts},
     year = 2014,
    month = nov,
   volume = 90,
   number = 10,
      eid = {102002},
    pages = {102002},
      doi = {10.1103/PhysRevD.90.102002}
}
@ARTICLE{2006APh....26..155I,
   author = {{Achterberg}, A. and others},
    title = "{First year performance of the IceCube neutrino telescope}",
  journal = {Astropart. Phys.},
   eprint = {astro-ph/0604450},
     year = 2006,
    month = oct,
   volume = 26,
    pages = {155-173},
      doi = {10.1016/j.astropartphys.2006.06.007}
}
@ARTICLE{2014PhRvL.113a1102A,
   author = {{Aasi}, J. and others},
    title = "{Search for Gravitational Waves Associated with {$\gamma$}-ray Bursts Detected by the 
Interplanetary Network}",
  journal = {Phys. Rev. Lett.},
archivePrefix = "arXiv",
   eprint = {1403.6639},
 primaryClass = "astro-ph.HE",
 keywords = {Gravitational wave detectors and experiments, Data analysis: algorithms and implementation, data 
management, Gravitational radiation magnetic fields and other observations, gamma-ray sources, gamma-ray 
bursts},
     year = 2014,
    month = jul,
   volume = 113,
   number = 1,
      eid = {011102},
    pages = {011102},
      doi = {10.1103/PhysRevLett.113.011102}
}
@INPROCEEDINGS{2003AIPC..662..473H,
   author = {{Hurley}, K. and {Cline}, T. and {Mitrofanov}, I. and {Mazets}, E. and 
	{Golenetskii}, S. and {Frontera}, F. and {Montanari}, E. and 
	{Guidorzi}, C. and {Feroci}, M.},
    title = "{The Current Performance of the Third Interplanetary Network}",
 keywords = {gamma-ray sources, gamma-ray bursts, Spaceborne and space research instruments apparatus and 
components},
booktitle = {Gamma-Ray Burst and Afterglow Astronomy 2001: A Workshop Celebrating the First Year of the HETE 
Mission},
     year = 2003,
   series = {American Institute of Physics Conference Series},
   volume = 662,
   eprint = {astro-ph/0201374},
   editor = {{Ricker}, G.~R. and {Vanderspek}, R.~K.},
    month = apr,
    pages = {473-476},
      doi = {10.1063/1.1579405}
}
@ARTICLE{2014PhRvD..89l2004A,
   author = {{Aasi}, J. and others},
    title = "{Methods and results of a search for gravitational waves associated with gamma-ray bursts using 
the GEO 600, LIGO, and Virgo detectors}",
  journal = {Phys. Rev. D},
archivePrefix = "arXiv",
   eprint = {1405.1053},
 primaryClass = "astro-ph.HE",
 keywords = {Gravitational wave detectors and experiments, Gravitational radiation magnetic fields and other 
observations, gamma-ray sources, gamma-ray bursts},
     year = 2014,
    month = jun,
   volume = 89,
   number = 12,
      eid = {122004},
    pages = {122004},
      doi = {10.1103/PhysRevD.89.122004}
}
@ARTICLE{2013PhRvD..88l2004A,
   author = {{Aasi}, J. and others},
    title = "{Search for long-lived gravitational-wave transients coincident with long gamma-ray bursts}",
  journal = {Phys. Rev. D},
archivePrefix = "arXiv",
   eprint = {1309.6160},
 primaryClass = "astro-ph.HE",
 keywords = {Gravitational radiation detectors, mass spectrometers, and other instrumentation and techniques},
     year = 2013,
    month = dec,
   volume = 88,
   number = 12,
      eid = {122004},
    pages = {122004},
      doi = {10.1103/PhysRevD.88.122004}
}
@ARTICLE{2014ApJS..211....7A,
   author = {{Aasi}, J. and others},
    title = "{First Searches for Optical Counterparts to Gravitational-wave Candidate Events}",
  journal = {Astrophys. J. Suppl. Ser.},
archivePrefix = "arXiv",
   eprint = {1310.2314},
 primaryClass = "astro-ph.IM",
 keywords = {binaries: close, catalogs, gravitational waves, stars: neutron, surveys},
     year = 2014,
    month = mar,
   volume = 211,
      eid = {7},
    pages = {7},
      doi = {10.1088/0067-0049/211/1/7}
}
@ARTICLE{2012ApJ...760...12A,
   author = {{Abadie}, J. and others},
    title = "{Search for Gravitational Waves Associated with Gamma-Ray Bursts during LIGO Science Run 6 and 
Virgo Science Runs 2 and 3}",
  journal = {Astrophys. J.},
archivePrefix = "arXiv",
   eprint = {1205.2216},
 primaryClass = "astro-ph.HE",
 keywords = {binaries: close, gamma-ray burst: general, gravitational waves},
     year = 2012,
    month = nov,
   volume = 760,
      eid = {12},
    pages = {12},
      doi = {10.1088/0004-637X/760/1/12}
}
@ARTICLE{2014PhRvD..89l2003A,
   author = {{Aasi}, J. and others},
    title = "{Search for gravitational radiation from intermediate mass black hole binaries in data from the 
second LIGO-Virgo joint science run}",
  journal = {Phys. Rev. D},
archivePrefix = "arXiv",
   eprint = {1404.2199},
 primaryClass = "gr-qc",
 keywords = {Gravitational radiation magnetic fields and other observations, Gravitational wave detectors and 
experiments},
     year = 2014,
    month = jun,
   volume = 89,
   number = 12,
      eid = {122003},
    pages = {122003},
      doi = {10.1103/PhysRevD.89.122003}
}
@ARTICLE{2014ApJ...785..119A,
   author = {{Aasi}, J. and others},
    title = "{Gravitational Waves from Known Pulsars: Results from the Initial Detector Era}",
  journal = {Astrophys. J.},
archivePrefix = "arXiv",
   eprint = {1309.4027},
 primaryClass = "astro-ph.HE",
 keywords = {gravitational waves, pulsars: general},
     year = 2014,
    month = apr,
   volume = 785,
      eid = {119},
    pages = {119},
      doi = {10.1088/0004-637X/785/2/119}
}
@ARTICLE{2015MNRAS.453.4399P,
   author = {{Pitkin}, M. and {Gill}, C. and {Jones}, D.~I. and {Woan}, G. and 
	{Davies}, G.~S.},
    title = "{First results and future prospects for dual-harmonic searches for gravitational waves from 
spinning neutron stars}",
  journal = {Mon. Not. R. Astron. Soc.},
archivePrefix = "arXiv",
   eprint = {1508.00416},
 primaryClass = "astro-ph.HE",
 keywords = {gravitational waves, methods: data analysis, methods: statistical, stars: neutron, pulsars: 
general},
     year = 2015,
    month = nov,
   volume = 453,
    pages = {4399-4420},
      doi = {10.1093/mnras/stv1931}
}
@ARTICLE{2013PhRvD..88j2002A,
   author = {{Aasi}, J. and others},
    title = "{Directed search for continuous gravitational waves from the Galactic center}",
  journal = {Phys. Rev. D},
archivePrefix = "arXiv",
   eprint = {1309.6221},
 primaryClass = "gr-qc",
 keywords = {Gravitational waves: theory, Gravitational wave detectors and experiments, Gravitational 
radiation magnetic fields and other observations, Neutron stars},
     year = 2013,
    month = nov,
   volume = 88,
   number = 10,
      eid = {102002},
    pages = {102002},
      doi = {10.1103/PhysRevD.88.102002}
}
@ARTICLE{2015PhRvD..91b2004A,
   author = {{Aasi}, J. and others},
    title = "{Narrow-band search of continuous gravitational-wave signals from Crab and Vela pulsars in Virgo 
VSR4 data}",
  journal = {Phys. Rev. D},
archivePrefix = "arXiv",
   eprint = {1410.8310},
 primaryClass = "astro-ph.IM",
 keywords = {Gravitational waves: theory, Gravitational wave detectors and experiments, Time series analysis 
time variability, Pulsars},
     year = 2015,
    month = jan,
   volume = 91,
   number = 2,
      eid = {022004},
    pages = {022004},
      doi = {10.1103/PhysRevD.91.022004}
}
@preprint{2016arXiv160807589Z,
   author = {{Zhu}, S.~J. and {Alessandra Papa}, M. and {Eggenstein}, H.-B. and 
	{Prix}, R. and {Wette}, K. and {Allen}, B. and {Bock}, O. and 
	{Keitel}, D. and {Krishnan}, B. and {Machenschalk}, B. and {Shaltev}, M. and 
	{Siemens}, X.},
    title = "{An Einstein@home search for continuous gravitational waves from Cassiopeia A}",
  journal = {ArXiv e-prints},
archivePrefix = "arXiv",
   eprint = {1608.07589},
 primaryClass = "gr-qc",
 keywords = {General Relativity and Quantum Cosmology, Astrophysics - High Energy Astrophysical Phenomena, 
Astrophysics - Instrumentation and Methods for Astrophysics},
     year = 2016,
    month = aug
}